3142 5144
588 395 799 498 -gp„

204 566 293 630 81111
321 565 379 629 der
406 565 588 628 bekannten
616 563 829 649 Brachylogie
858 565 943 628 ulirrs
971 564 1071 628 ulium
1101 564 1172 647 (der
1194 563 1266 628 eine

125 667 243 750 diesen,
283 665 341 731 der
379 666 476 730 andre
505 665 617 750 jenen)
651 666 694 729 ist
725 666 798 729 sehr
830 665 950 748 selten,
984 664 1065 729 doeh
1100 663 1181 728 auch
1216 665 1266 728 bei
1351 697 1352 702 1

124 769 232 834 Cieero
267 766 468 850 vorhanden,
502 767 553 830 die
582 765 811 851 vollsttindige,
844 789 899 830 eus
928 767 995 830 vier
1021 765 1266 830 Pronominibus

125 868 317 935 bestehende
342 867 639 932 Ausdrueksweise:
663 867 728 934 Gie.
753 871 819 952 top.
835 869 874 931 21
907 871 940 932 et
961 867 1150 952 quibusdam
1173 889 1267 950 quee-

126 971 283 1036 stionibns
312 971 405 1052 elios,
435 969 622 1054 quibusdem
645 969 724 1032 alios
747 989 815 1032 esse
838 971 976 1052 aptiores
998 970 1094 1032 locos.
1117 969 1159 1032 23
1181 969 1207 1032 si
1230 989 1267 1032 ex

129 1074 189 1136 elio
213 1072 286 1154 hoe,
309 1093 347 1134 ex
371 1071 434 1135 1110
456 1070 535 1135 illud
558 1070 705 1134 effectum
728 1073 785 1134 est.
831 1069 920 1134 Brut.
944 1074 974 1152 ξ.
994 1071 1053 1134 186
1075 1070 1110 1133 in
1125 1071 1268 1134 Antonio

128 1177 159 1237 et
186 1173 304 1242 Crasso
335 1178 390 1237 aut
416 1171 576 1236 dubitaret
607 1174 661 1235 aut
691 1172 776 1235 hune
803 1172 895 1253 elius,
924 1170 1014 1234 illum
1037 1171 1118 1235 alius
1140 1170 1267 1235 diceret.

126 1273 214 1340 Noeh
249 1273 365 1338 enders
399 1273 443 1336 im
471 1271 667 1355 Spiitlstein:
702 1272 838 1357 August·
853 1273 927 1336 eir.
956 1271 1006 1335 dei
1034 1272 1064 1354 8,
1091 1275 1111 1336 3
1140 1273 1186 1336 sie
1214 1271 1268 1335 elii

129 1379 222 1460 elque
245 1375 301 1439 1111
324 1374 410 1438 uliud
432 1376 526 1458 atque
548 1373 633 1437 aliud
655 1374 778 1457 opinati
801 1377 886 1437 sunt.

215 1482 246 1559 ξ.
269 1477 320 1540 56.
350 1477 442 1540 Alter
469 1497 530 1557 epo,
559 1476 639 1540 alter
665 1477 765 1540 idem:
791 1473 857 1540 Cic.
886 1473 970 1538 Lael.
993 1474 1030 1536 21
1062 1477 1111 1538 est
1133 1475 1217 1538 enirn
1240 1476 1267 1538 is

132 1579 183 1662 qui
207 1581 257 1642 est
278 1580 431 1661 tauquam
454 1577 536 1640 ulter
557 1575 641 1639 idem
665 1577 752 1658 („ein
775 1576 901 1640 zweites
923 1575 1025 1659 leh“).
1048 1575 1270 1658 fam‚2,15,4

131 1680 278 1763 quoniam
299 1677 449 1741 *alterum
482 1699 534 1740 me
562 1676 768 1760 reliquissem.
799 1679 828 1761 7,
855 1677 886 1760 5,
917 1678 933 1740 1
969 1675 1039 1740 vide
1067 1699 1162 1759 quam
1190 1675 1268 1740 mihi

132 1779 339 1863 persuaserim
361 1782 394 1843 te
415 1801 466 1843 me
488 1800 557 1842 esse
580 1779 725 1842 alterum.
749 1777 788 1840 sd
811 1779 879 1842 Att.
903 1777 932 1856 4,
959 1780 985 1856 l,
1009 1779 1027 1840 7
1051 1781 1084 1840 et
1106 1776 1269 1840 adomnia

130 1903 178 1945 me
199 1881 332 1945 alierum
356 1902 390 1944 se
412 1880 480 1944 fore.
502 1879 592 1944 dixit.
617 1901 666 1962 ep.
690 1879 729 1942 ad
751 1878 841 1943 Brut.
867 1881 896 1961 1,
922 1879 960 1942 15
988 1877 1028 1941 sd
1051 1882 1083 1942 te
1105 1880 1268 1961 tamquam

129 1982 165 2046 sd
194 1982 327 2046 alterum
361 2003 412 2044 me
445 1980 660 2064 proficiscens.
690 2020 725 2027 -
759 1980 951 2044 Ausserdem
978 1980 1060 2045 noch
1090 1979 1141 2042 bei
1169 1979 1266 2042 Plin.

131 2105 178 2168 ep.
200 2083 230 2166 2,
254 2084 284 2165 9,
311 2085 325 2146 1
349 2104 446 2167 quam
476 2103 534 2167 pro
565 2104 615 2145 me
644 2081 891 2146 sollicitudinem
921 2101 986 2143 non
1009 2080 1073 2142 adii
1096 2079 1185 2162 quasi
1208 2101 1266 2162 pro

129 2206 178 2248 me
199 2184 297 2248 altero
321 2183 436 2266 patior.

207 2285 246 2350 In
262 2283 475 2368 Verbindung
496 2284 557 2354 mit
577 2289 704 2366 uterque
727 2283 816 2346 dient
838 2285 926 2362 ulter,
951 2304 1005 2347 um
1028 2283 1080 2346 ein
1095 2284 1267 2365 rereprotes

131 2384 326 2452 Verhffltuiss
358 2407 396 2448 zu
423 2385 633 2449 bezeichnen:
663 2383 807 2450 (111011.
833 2387 860 2466 1,
886 2385 913 2466 1,
936 2385 957 2447 4
978 2406 1114 2468 quorum
1137 2389 1268 2468 uterque

132 2509 183 2550 suo
211 2487 317 2551 studio
347 2485 521 2550 delectatus
544 2486 738 2569 contempsit
765 2484 909 2550 alterum.
932 2485 1030 2549 ·Sall.
1054 2485 1129 2570 Jug.
1158 2489 1205 2568 18,
1233 2491 1270 2549 12

134 2589 253 2673 utrique
282 2587 389 2651 ulteris
420 2586 502 2650 freti.
531 2587 648 2652 lustin.
680 2587 710 2670 6,
738 2588 758 2649 2
786 2586 939 2650 invictum
968 2589 1075 2651 tamen
1104 2587 1145 2650 ab
1172 2587 1270 2651 altero

133 2693 296 2774 utrumqne
331 2687 479 2752 servavit.
524 2687 612 2752 81111
645 2689 757 2752 dessen
786 2687 887 2751 findet
914 2687 982 2751 sich
1010 2687 1086 2751 aber
1113 2689 1193 2753 euch
1221 2688 1271 2778 die

135 2789 316 2876 unlogisehe
338 2788 588 2875 Vetdoppelung
615 2810 678 2854 von
705 2796 849 2872 uterque:
875 2789 948 2853 Ter.
971 2788 1098 2854 Phorm.
1121 2791 1151 2872 5,
1174 2791 1205 2871 3,
1232 2790 1269 2854 17

135 2892 205 2974 quis
230 2895 363 2977 uterque
392 2892 515 2977 utrique
543 2894 592 2956 est
618 2891 714 2955 cordi.
760 2890 839 2955 Bell.
870 2891 959 2954 Alex.
988 2892 1009 2952 4
1038 2912 1109 2954 eum
1138 2894 1270 2973 uterque

132 2993 249 3076 utrique
281 2993 494 3058 insidiaretur.
545 2992 703 3077 Dngegen
740 2992 819 3054 wirtl
848 2993 930 3075 jetzt
967 2991 1018 3054 bei
1052 2991 1140 3055 Caes.
1177 2991 1206 3055 b.
1235 3014 1267 3075 g.

115 3093 161 3174 ¹1,
196 3095 236 3158 35
270 3093 417 3179 gelesen:
460 3115 532 3158 eum
562 3096 706 3176 ,uterque
749 3093 908 3176 utrimque
945 3091 1063 3156 exisset
1100 3092 1267 3157 exercitus.

134 3191 220 3258 Nuch
247 3194 388 3280 Weglsll
417 3194 520 3260 dieser
547 3193 658 3258 frither
685 3193 768 3258 noch
796 3193 925 3260 eitirten
948 3193 1045 3258 Stelle
1075 3193 1160 3278 folgt
1187 3193 1267 3276 also,

133 3293 202 3359 dass
223 3295 271 3360 die
293 3294 546 3382 Verdoppelung
568 3317 633 3360 von
654 3301 782 3377 uterque
804 3294 1006 3359 unklsssiseh
1029 3294 1079 3358 ist.

531 3481 593 3546 lv.
624 3476 862 3546 Zahlwiirter.

213 3603 240 3680 ξ.
263 3600 313 3665 51.
338 3599 404 3663 Des
419 3598 690 3663 substantiviselre
705 3601 789 3665 111110
803 3601 862 3664 mit
874 3599 946 3664 dem
961 3601 1129 3665 Genetiv
1145 3601 1270 3663 kommt

133 3700 164 3762 in
192 3700 272 3766 allen
295 3699 453 3765 Perioden
480 3700 536 3763 der
563 3699 704 3784 Spreehe
732 3723 797 3765 vor.
832 3701 954 3766 Gellius
978 3703 1007 3784 1,
1034 3704 1071 3766 16
1100 3701 1188 3765 citirt
1210 3724 1268 3764 aus

133 3801 201 3866 dem
233 3801 483 3868 ereheistischen
515 3801 644 3866 Letein:
679 3801 826 3888 Quadrig.
861 3804 881 3866 3
914 3803 961 3866 ibi
993 3803 1149 3867 occiditur
1183 3801 1268 3866 mille

134 3901 300 3970 hominum.
346 3902 427 3970 Cato
442 3902 523 3988 orig.
542 3904 558 3965 1
580 3901 654 3966 inde
669 3906 718 3967 est
732 3903 832 3968 ferme
847 3903 934 3968 mille
949 3927 1086 3990 passum.
1111 3903 1211 3968 Lucil.
1232 3905 1286 3968 15.

136 4003 215 4066 milli
241 4027 379 4089 pessum.
409 4004 499 4069 119
526 4004 606 4068 milli
633 4026 808 4070 nummum.
855 4005 949 4069 Danu
978 4029 1033 4070 sus
1055 4005 1174 4070 Varro:
1197 4004 1269 4089 plus

135 4103 220 4168 mille
240 4109 270 4171 et
293 4109 422 4172 eentum
445 4127 612 4189 annorum,
635 4127 692 4170 aus
714 4105 780 4173 Ciu.
796 4106 880 4171 Phil.
897 4108 963 4189 6‚5
984 4106 1070 4171 mille
1092 4129 1268 4171 nummum.

133 4227 161 4286 p.
185 4203 249 4270 Mil.
272 4209 313 4274 20
334 4206 508 4290 'hominnm
537 4207 637 4271 mille·
653 4207 839 4272 versabatur
865 4208 1049 4273 valentium.
1075 4245 1112 4256 —
1137 4210 1269 4271 Ausser-

133 4304 202 4368 dem
235 4308 307 4374 eber
341 4306 430 4374 steht
464 4307 603 4373 dieselbe
633 4307 859 4374 Onustmetion
888 4309 939 4373 bei
967 4308 1072 4373 Plaut.
1101 4308 1270 4392 Β10011.4,

132 4406 205 4488 9,4
231 4411 312 4475 mille
339 4431 473 4476 numero
504 4409 643 4475 navium.
673 4409 737 4476 Ciu.
768 4433 817 4496 sp.
847 4411 932 4476 Non.
962 4410 1001 4474 de
1028 4432 1114 4474 num.
1144 4413 1178 4474 et
1206 4431 1268 4473 eas.

134 4529 162 4591 p.
185 4507 242 4572 501
271 4512 357 4577 mille
388 4510 561 4576 hominum.
592 4510 683 4578 Caes.
707 4511 737 4576 b.
760 4533 793 4596 g.
819 4514 846 4594 1,
869 4511 911 4576 25
940 4510 1068 4576 eireiter
1090 4511 1177 4574 mille
1200 4533 1269 4594 pas-
