3050 5146
554 395 786 462 -allm

183 549 211 630 5.
236 547 308 616 133.
331 549 421 614 Weit
446 547 718 636 gebraucblicher
745 550 793 616 als
824 551 858 614 in
885 549 950 614 den
977 549 1094 616 vorbin
1116 551 1238 616 behan·
1403 571 1405 578 ’

111 647 206 715 deltcn
228 649 371 715 Xlasseu
399 651 458 714 der
480 649 686 718 Nebensbtza
716 653 761 717 ist
783 653 841 716 der
864 649 1041 717 Gcbrauch
1062 653 1120 718 dea
1142 653 1237 719 Per-

111 749 200 815 sects
222 752 256 814 in
279 751 571 836 Folgesttzen,
594 752 647 816 die
670 775 734 818 von
757 753 862 817 cinem
879 753 1092 817 Praeteritum
1116 753 1237 819 abhbn-

109 873 170 935 gen.
211 851 380 916 Nachdem
404 852 465 930 ich,
479 852 587 918 dieses
610 850 738 939 Capitol
766 854 825 918 der
847 853 1081 939 Tempuslehre
1103 855 1137 917 in
1159 857 1236 920 mei·

108 972 160 1014 nen
174 951 468 1038 Untersuebungen
491 953 573 1018 iiber
595 953 659 1017 den
675 953 963 1041 Sprachgebrauch
980 954 1039 1018 der
1053 955 1237 1020 rbmisehen

109 1051 285 1117 Historiker
313 1054 428 1138 (1860)
456 1053 489 1124 S.
516 1055 568 1118 2-
584 1054 621 1119 18
650 1053 826 1120 behandelt
847 1055 951 1139 habe,
986 1057 1094 1120 werde
1116 1056 1170 1122 ich
1193 1058 1236 1122 irn

108 1152 284 1240 Fulgenden
307 1155 402 1220 einen
424 1157 562 1242 Auszug
584 1157 703 1221 darana
725 1156 841 1242 geben.
999 1149 1001 1154 ’

178 1255 302 1320 Stellen
330 1279 389 1322 aus
423 1256 755 1322 vorklassischer
777 1258 852 1322 Zcit
880 1256 988 1323 diirfte
1016 1281 1092 1322 man
1123 1280 1236 1345 verge-

106 1353 175 1420 bens
196 1356 337 1439 cuchen,
369 1359 453 1423 auch
474 1361 508 1424 in
529 1357 679 1424 Holtze's
703 1359 833 1444 Syntax
854 1358 898 1422 ist
919 1357 1018 1422 keine
1047 1381 1088 1422 zu
1116 1359 1235 1442 finden,

105 1454 180 1520 dcnn
200 1458 234 1521 in
259 1459 375 1542 denen,
399 1458 522 1524 welche
545 1481 579 1524 er
600 1458 648 1541 Il,
671 1458 722 1542 96,
746 1459 767 1523 d
791 1481 849 1523 aus
872 1460 997 1524 Terenz
1026 1460 1169 1540 anliihrt,
1192 1462 1237 1526 iat

105 1558 181 1622 Perf.
204 1559 349 1644 logicum
371 1583 412 1624 zu
434 1562 605 1625 statuiren.
642 1560 706 1626 Die
722 1570 831 1626 ersten
847 1559 974 1646 Spuren
990 1561 1097 1626 dieser
1111 1563 1236 1625 schein-

105 1659 195 1724 baren
231 1660 443 1727 Abncrmitiit
480 1664 595 1748 zeigen
632 1663 716 1746 sich,
753 1661 955 1747 wenngleiclr
993 1671 1138 1726 {iusserat
1175 1661 1237 1726 sel·

103 1770 160 1844 teu,
182 1762 235 1826 bei

179 1863 337 1929 Cicero·
362 1863 459 1929 Tuae.
483 1866 514 1950 5,
537 1864 590 1946 20,
614 1866 656 1930 60
677 1874 775 1950 atque
798 1887 835 1929 eo
857 1865 946 1929 facto
970 1865 1016 1929 sic
1040 1864 1159 1947 doluit,
1187 1867 1235 1928 ni-

103 1963 142 2028 bil
162 1973 198 2029 ut
220 1963 333 2030 tulerit
355 1967 491 2050 gravius
513 1966 546 2028 in
570 1965 640 2029 vita
663 1965 860 2052 (Dionysd
884 1965 1011 2051 altere).
1036 1966 1102 2032 div.
1133 1969 1160 2037 1,
1183 1969 1236 2048 33,

103 2065 137 2128 73
157 2066 245 2152 quod
268 2077 433 2131 ostentum
456 2067 572 2131 habuit
592 2066 724 2131 hanc
692 2089 770 2148 vim,
793 2077 829 2130 ut
844 2068 1022 2152 Dionysius
1038 2067 1148 2152 paucis
1165 2077 1238 2152 post

103 2163 209 2232 diebus
231 2189 371 2251 regnare
394 2169 546 2254 coeperit.
570 2175 599 2252 2,
622 2169 674 2251 69,
701 2169 761 2232 143
784 2168 890 2233 visum
914 2179 964 2231 est
985 2169 1070 2232 enim
1094 2167 1159 2232 tale
1181 2169 1236 2233 ob·

68 2345 72 2354 ,
100 2268 213 2332 iectum
235 2268 419 2350 dormienti,
442 2280 478 2333 ut
500 2269 534 2333 id
557 2269 645 2356 quod
668 2270 786 2349 evenit,
809 2279 946 2335 naturae
962 2270 1024 2352 vis,
1047 2292 1112 2335 non
1128 2271 1237 2357 opinio

102 2372 211 2434 erroris
234 2369 389 2435 effecerit.
434 2369 543 2436 Galba
565 2393 617 2457 ap.
643 2371 712 2436 Cic.
737 2371 815 2434 fam.
848 2371 898 2451 10,
920 2370 972 2452 30,
996 2371 1017 2434 3
1040 2372 1101 2434 etsi
1124 2371 1236 2438 dexte·

101 2471 160 2534 rius
193 2493 294 2536 cornu
316 2509 356 2518 —
384 2471 560 2556 fugaverat
592 2471 752 2558 legionem
785 2471 922 2534 XXXV
952 2471 1103 2551 Antonii,
1137 2473 1236 2537 ut·-

100 2570 179 2636 ultra
201 2573 315 2655 aciem,
338 2593 401 2660 quo
425 2571 495 2638 loeo
518 2582 662 2658 steterat,
685 2574 890 2660 processerit.
909 2611 945 2621 -
960 2571 1052 2636 Aber
1064 2571 1126 2638 alle
1149 2574 1236 2639 tibri-

99 2695 157 2756 gen
201 2673 324 2740 Stellen
353 2675 405 2739 bei
437 2676 551 2740 Cicero
582 2674 656 2740 sind
682 2677 801 2739 anderu
830 2697 871 2738 zu
900 2673 1120 2757 beurtheilen,
1152 2675 1237 2740 denn

101 2774 153 2840 der
173 2775 360 2840 Nebensatz
390 2776 515 2842 enthelt
545 2777 620 2843 dort
646 2778 762 2841 immer
790 2778 843 2840 ein
870 2775 1074 2860 logisches
1097 2777 1236 2858 Perfect,

100 2899 144 2941 wo
171 2878 224 2942 die
251 2877 521 2964 Vergangcuheit
548 2879 715 2944 entweder
742 2878 793 2943 bis
823 2900 881 2941 zur
908 2879 1108 2962 Gegenwart
1133 2877 1238 2942 reicht

100 2977 172 3042 oder
193 2979 295 3044 durch
319 2979 373 3044 die
396 2979 693 3045 Rticksichtnahmc
716 2979 775 3044 auf
795 2980 890 3044 einen
913 2979 1162 3062 Zeitgeuossen,
1187 2978 1236 3044 als

100 3079 159 3144 deu
180 3080 307 3166 Trager
334 3080 393 3145 der
414 3081 610 3168 Hundlung,
640 3083 701 3146 mit
722 3082 781 3145 der
803 3081 1002 3164 Gegenwart
1029 3080 1085 3144 des
1107 3079 1235 3145 Redon-

101 3178 159 3244 den
180 3182 212 3246 in
236 3180 456 3268 Verbindung
477 3194 606 3269 gesetzt
627 3185 680 3248 ist.
726 3183 768 3248 So
792 3206 820 3246 z.
844 3181 882 3245 B.
906 3182 992 3245 bfter
1012 3182 1046 3245 in
1070 3183 1133 3246 den
1155 3182 1236 3246 Ver·

100 3283 201 3348 rinen:
236 3283 267 3367 2,
291 3285 322 3366 3,
346 3285 366 3349 8
394 3287 644 3370 magistratuum
672 3295 781 3349 autem
815 3294 997 3347 nostrorum
1027 3285 1162 3348 iniurias
1190 3285 1238 3349 ita

100 3384 267 3450 multorum
296 3384 456 3472 tulerunt,
487 3396 523 3451 ut
549 3409 715 3474 nunquam
744 3393 819 3450 ante
845 3384 905 3450 hoc
928 3395 1056 3470 tempus
1083 3375 1236 3450 adaram

100 3482 202 3570 legum
224 3526 266 3535 —
290 3486 509 3573 confugerint.
531 3490 563 3571 5,
588 3490 637 3573 10,
661 3489 700 3553 27
729 3509 831 3574 usque
861 3507 898 3552 co
922 3508 957 3549 se
979 3486 1159 3571 praebebat
1181 3509 1236 3571 pa-

101 3587 228 3652 tientem
251 3597 350 3674 atque
372 3589 559 3676 impigrum,
581 3601 618 3654 ut
641 3612 712 3654 eum
735 3609 830 3653 nemo
852 3588 886 3652 in
908 3609 991 3673 equo
1007 3588 1171 3652 sedentem
1188 3589 1236 3651 vi·

100 3689 181 3754 derit
201 3689 340 3775 (Halm).
366 3713 399 3776 p.
423 3689 507 3754 Mur.
539 3693 587 3772 15,
616 3692 658 3755 33
686 3699 811 3755 tuntum
840 3701 948 3754 tamen
976 3687 1110 3752 consilio
1139 3699 1237 3774 atque

99 3792 289 3856 auctoritate
317 3791 422 3855 valuit
451 3791 686 3875 (Mithridates)
707 3803 744 3856 ut
766 3815 801 3856 se
823 3829 864 3839 -
890 3790 982 3856 novis
1009 3788 1126 3876 opibus
1149 3792 1237 3876 copi·

100 3891 188 3978 isque
208 3895 386 3958 renovarit
411 3894 444 3957 iu
467 3893 533 3956 Pis.
557 3893 609 3976 25,
633 3895 715 3957 [tlt
689 3917 698 3957 ι
702 3894 836 3957 taenim
852 3902 927 3957 sunt
942 3892 1140 3978 perscriptae
1156 3894 1237 3957 scito

100 4003 130 4055 et
156 3990 310 4075 litterate,
343 4005 380 4058 ut
367 3993 576 4058 tscriba-
600 4005 853 4059 commurmurat
854 4017 892 4058 us
919 3995 1045 4060 sitctt.
1023 3994 1182 4058 t.Brut
1206 3998 1236 4074 5.

100 4091 161 4156 302
186 4095 320 4160 ardebat
352 4104 461 4160 autem
488 4096 616 4181 eupidit
618 4107 670 4161 ate
698 4099 761 4179 sio,
790 4108 827 4161 ut
847 4099 881 4160 in
903 4093 992 4159 nullo
1014 4117 1158 4181 unquam
1180 4095 1235 4158 fla-

100 4197 242 4276 grantius
265 4195 412 4263 studium
433 4197 585 4262 viderim.
609 4197 662 4260 off.
685 4198 715 4278 2,
738 4197 789 4278 22,
813 4197 854 4261 76
868 4205 996 4260 tantum
1017 4196 1051 4260 in
1074 4197 1237 4262 aerarium

100 4298 252 4379 pecuniae
273 4297 411 4377 invexit,
433 4306 470 4362 ut
492 4299 587 4362 unius
610 4299 816 4384 imperatoris
839 4298 962 4383 praeda
978 4297 1075 4362 finem
1091 4296 1238 4362 attulerit

101 4397 302 4464 tributomm.
326 4401 404 4466 lans.
416 4399 449 4481 5,
473 4401 523 4482 16,
545 4399 566 4463 2
587 4399 732 4464 homines
754 4421 812 4464 nos
835 4409 872 4462 ut
893 4421 966 4464 esse
984 4399 1236 4482 meminerimus,
1283 4429 1300 4458 ι

102 4518 139 4560 ca
162 4497 231 4582 lege
251 4511 361 4584 natos,
390 4511 426 4565 ut
455 4501 604 4566 omnibus
633 4499 706 4566 telis
735 4501 886 4566 fortunae
915 4504 1081 4588 proposita
1104 4502 1147 4568 sit
1169 4501 1237 4566 vita
