3050 5146
758 413 1098 476 -190-‘

302 564 485 650 elliptisohe
500 563 597 629 Glietl
622 564 725 650 l'olgt
747 567 780 630 in
803 563 862 629 der
876 564 978 650 Regel
1003 565 1074 629 dem
1097 563 1434 650 correspondirenden,

302 665 403 730 selton
427 666 506 750 geht
526 687 559 729 es
582 667 649 730 ihm
673 665 799 732 vorauf.
845 665 955 731 Selten
983 664 1153 752 geschieht
1181 689 1215 730 es
1239 663 1339 748 aubh,
1367 665 1434 730 dass

302 789 343 831 an
366 767 456 832 einer
478 765 633 832 dritten
656 766 758 834 Stella
780 766 925 834 dieselbe
948 767 1089 855 Ellipse,
1118 769 1180 834 wie
1207 790 1248 833 an
1271 768 1329 832 der
1352 769 1435 832 awei-

303 877 368 948 ten,
393 867 584 934 wiederholt
604 869 703 952 wird,
731 870 793 934 wie
816 870 884 936 (lie.
908 871 950 935 ad
973 872 1044 936 Att.
1068 870 1097 951 8,
1123 871 1173 953 ll,
1195 871 1217 934 b
1238 869 1324 956 quod
1348 891 1435 956 quae·

302 971 359 1049 ris,
382 969 460 1054 quid
484 970 668 1056 scripserit:
693 973 751 1054 (sc.
776 971 921 1058 scripsit)
945 971 1031 1058 quod
1047 993 1145 1059 saepe
1168 971 1348 1058 (scripsit):
1370 961 1435 1055 gr'a-

302 1071 464 1134 tissimum
494 1071 557 1137 sibi
585 1093 673 1155 esse,
701 1072 789 1158 quod
816 1073 964 1158 quierim.
1009 1073 1089 1138 Hor.
1113 1083 1174 1138 sat.
1197 1073 1228 1156 2,
1251 1073 1282 1152 6,
1304 1071 1348 1138 53
1369 1093 1436 1136 num

303 1172 381 1258 quid
405 1172 445 1236 de
467 1171 568 1237 Dacis
591 1165 737 1238 audisti?
763 1211 796 1221 -
823 1173 878 1238 Nil
901 1175 1052 1261 equidem
1076 1179 1134 1257 (se.
1158 1174 1296 1256 audivi).
1342 1173 1385 1238 Ut
1406 1183 1436 1238 tu

303 1295 429 1360 semper
457 1275 520 1338 eris
549 1273 689 1339 derisor!
734 1277 779 1340 At
809 1297 920 1341 omnes
950 1275 984 1340 di
1012 1277 1182 1362 exagitent
1203 1297 1271 1357 me,
1300 1276 1329 1340 si
1352 1273 1437 1361 quid·

302 1393 398 1461 qnam
415 1373 570 1460 (audivi).
595 1376 706 1440 Erwe
717 1377 848 1442 iterun
858 1401 880 1462 g
902 1377 963 1442 der
978 1377 1105 1464 Ellipse
1121 1379 1312 1442 an‘zweiter
1328 1373 1436 1443 Stelle:
1510 1367 1514 1376 ’

302 1475 371 1540 Cic.
394 1497 427 1562 p.
451 1474 562 1540 Plane.
585 1477 636 1561 25,
659 1479 701 1542 60
723 1499 781 1543 cur
803 1480 865 1543 iste
887 1479 924 1545 fit
946 1479 1086 1546 consol?
1116 1480 1197 1566 quid
1218 1481 1324 1566 potuit
1348 1475 1436 1564 (fieri)

301 1575 455 1664 amplius,
484 1581 512 1642 si
536 1579 573 1644 L.
598 1578 720 1643 Brutus
742 1590 847 1662 esset,
882 1583 939 1668 qui
966 1581 1135 1646 civitatem
1164 1579 1333 1646 dominatu
1355 1579 1436 1664 regio

301 1677 480 1744 liberavit?
518 1680 651 1747 Honore
672 1680 753 1745 nihil
776 1682 915 1768 amplius
938 1685 995 1766 (se.
1011 1683 1079 1747 lieri
1096 1683 1228 1768 potuit),
1251 1680 1350 1746 lauda
1365 1679 1436 1744 mul·

302 1791 382 1845 tum.
404 1817 446 1830 -·-
469 1780 813 1868 Versehrtinhung
835 1786 953 1848 zweier
976 1784 1214 1848 Verhtiltnisse:
1238 1783 1323 1851 Phil.
1339 1784 1370 1864 2,
1393 1783 1437 1864 15,

301 1883 342 1947 38
365 1882 423 1946 sed
446 1893 479 1948 et
501 1905 561 1968 ego
593 1883 775 1969 (videbam)
803 1885 883 1970 quid
912 1885 967 1950 ille
990 1887 1164 1970 (sentiret),
1188 1892 1221 1949 et
1243 1895 1358 1948 eontra
1378 1882 1436 1964 ille,

301 1983 381 2072 quid
404 2005 464 2068 ego
487 1987 640 2050 sentirem
665 1995 697 2050 et
712 1996 904 2072 spectarem,
927 1986 1073 2052 videbat.
1110 1987 1218 2050 Daitir
1241 1983 1437 2071 parallelo

302 2084 519 2168 Gliederung:
545 2086 627 2150 Phil.
654 2087 702 2170 12,
728 2089 757 2169 7,
785 2090 821 2152 17
845 2109 904 2172 ego
920 2109 1048 2172 semper
1070 2087 1161 2151 illum
1185 2087 1311 2156 hostem
1336 2085 1437 2173 appol·

301 2186 379 2269 lavi,
402 2209 475 2251 eum
499 2186 553 2252 alii
578 2187 811 2254 adversarium·
826 2188 1067 2276 (appellarent),
1091 2210 1219 2276 semper
1242 2187 1302 2252 hoc
1326 2187 1438 2253 bellum

302 2286 510 2376 (appellavi),
545 2311 619 2354 eum
653 2289 707 2354 alii
742 2290 916 2356 tumultum
952 2291 1192 2379 (appellarent).
1243 2291 1296 2353 An
1331 2289 1440 2354 dritten

303 2388 403 2456 Stella
430 2390 511 2454 wird
545 2413 604 2454 zur
632 2390 839 2458 Verbaliorm
868 2393 928 2458 der
955 2402 1062 2457 ersten
1096 2391 1438 2476 curticlsgekehrt:

302 2491 344 2576 de
371 2513 463 2578 prov.
491 2513 579 2556 cons.
607 2495 656 2576 17,
678 2494 718 2558 41
749 2515 832 2581 quae
861 2515 921 2580 ego
949 2495 1057 2559 omnia
1085 2515 1150 2558 non
1178 2493 1307 2578 ingrato
1328 2493 1439 2568 animo,

302 2593 359 2656 sed
384 2591 603 2659 obstinatione
620 2595 760 2681 quadam
777 2596 959 2661 sententiae
973 2593 1157 2682 repudiavi.
1196 2595 1303 2676 Quam
1320 2594 1439 2682 sapien·

302 2705 351 2758 ter
374 2695 642 2782 (repudiaverim)
671 2719 735 2761 non
764 2697 911 2783 disputo,
940 2696 1054 2764 multis
1080 2697 1164 2760 enim
1194 2718 1259 2760 non
1288 2695 1439 2784 probabo,

197 2834 200 2840 ,
303 2803 489 2862 constanter
521 2795 653 2882 quidem
688 2809 721 2863 et
754 2799 884 2865 fortiter
917 2809 1004 2865 certe
1038 2796 1250 2887 (repudiavi).
1307 2795 1439 2880 Zufolge

302 2899 392 2964 einer
416 2896 640 2964 Anakoluthie
671 2901 797 2965 koinmt
824 2922 859 2964 es
887 2923 964 2982 vor,
993 2899 1052 2964 das
1082 2919 1147 2965 von
1177 2900 1259 2962 zwei
1288 2897 1439 2963 Gliedem

302 3001 474 3089 dasjenige
496 2999 806 3086 unvollstttndig
827 3003 881 3082 ist,
905 3024 964 3066 aus
989 3001 1141 3065 welchem
1166 3001 1225 3065 wir
1247 3000 1302 3064 die
1322 2999 1439 3084 Ellipse
1517 3065 1518 3076 ,

302 3125 343 3168 zu
366 3112 529 3188 ergttnzeu
551 3101 673 3167 haben:
698 3103 795 3168 Tusc.
818 3105 849 3182 5,
872 3104 924 3184 22,
948 3105 987 3167 63
1002 3123 1097 3188 quam
1115 3101 1190 3165 huie
1205 3112 1276 3166 erat
1291 3102 1438 3166 miserum

302 3212 358 3269 ett.
403 3203 603 3267 Musicorum
626 3225 703 3270 vero
725 3204 984 3288 perstudiosum,
1012 3213 1139 3288 poetam
1164 3201 1263 3266 etiam
1287 3203 1438 3287 tragicum

302 3309 363 3385 (se.
392 3304 494 3368 fuisse
521 3306 719 3389 acecpimus)
742 3343 782 3352 —
806 3327 903 3390 quam
924 3306 1047 3371 bonum
1073 3309 1131 3387 (se.
1154 3304 1259 3368 fuisse
1286 3303 1439 3387 acceperi-

302 3409 388 3488 mus)
411 3403 490 3469 nihil
512 3404 554 3468 ad
577 3427 656 3469 rem.
710 3405 873 3472 Aehnlieh
897 3405 980 3471 Phil.
1004 3407 1035 3490 2,
1061 3407 1110 3488 15,
1133 3405 1174 3470 38
1197 3426 1257 3490 ego
1277 3403 1438 3469 ineolumi·
1516 3387 1517 3414 ³

301 3507 360 3571 tati
383 3507 504 3572 civium
520 3508 670 3594 primum,
693 3517 730 3572 ut
746 3517 860 3592 postea
875 3507 1030 3593 dignitati
1046 3505 1244 3593 (consulere)
1266 3527 1438 3592 possemus,

302 3608 357 3673 ille
380 3610 542 3696 praesenti
566 3608 717 3692 dignitati
733 3610 806 3696 plus
827 3608 1016 3674 consulebat
1039 3610 1147 3693 (stattz
1172 3607 1262 3695 prius
1279 3605 1438 3672 consolen-

302 3711 380 3776 dum
402 3712 574 3794 censebat3
604 3709 674 3774 also
695 3710 975 3796 anakoluthisch).
1026 3709 1127 3776 Nicht
1154 3731 1195 3774 an
1224 3719 1342 3788 ersten,
1370 3727 1437 3772 son·
1515 3697 1516 3722 ¹

303 3813 384 3877 dern
405 3833 468 3876 nur
490 3833 532 3875 an
556 3812 718 3875 aweiter
740 3812 841 3877 Stella
864 3811 954 3876 kann
976 3811 1031 3876 die
1054 3808 1180 3896 Ellipse
1202 3811 1261 3876 des
1283 3808 1438 3874 Verbnms

302 3915 346 3977 im
369 3914 520 3998 Dialog
542 3911 766 3995 vorkomruen,
790 3913 851 3978 wie
866 3912 942 3980 Ter.
954 3913 1059 3978 Andr.
1085 3916 1113 3995 i,
1140 3914 1168 3994 1,
1191 3913 1234 3977 33
1249 3909 1437 3996 gaudebam.

303 4014 375 4079 Non
397 4015 517 4080 iniuria
546 4015 604 4096 (se.
627 4013 819 4098 gaudebas).
851 4015 995 4096 1,2,15
1022 4013 1159 4079 hoeeine
1187 4014 1260 4110 agis
1289 4035 1330 4078 an
1356 4010 1439 4075 non?

303 4115 376 4201 Ego
398 4137 476 4180 vero
500 4117 584 4180 istuc
606 4117 711 4200 (ago).
735 4140 766 4178 v.
789 4117 830 4181 23
853 4138 918 4182 non
934 4113 1042 4180 hercle
1057 4113 1225 4200 intellego.
1262 4114 1357 4180 Non?
1380 4111 1437 4194 (in-

303 4215 455 4302 tellegis).
499 4217 556 4282 Mit
578 4216 894 4283 stellvertretendem
916 4219 989 4282 item
1009 4219 1053 4282 ist
1075 4218 1129 4282 die
1145 4216 1272 4304 Ellipse
1293 4216 1335 4280 im
1350 4213 1439 4279 awei-

302 4329 357 4382 ten
381 4316 501 4384 Gliede
522 4317 843 4404 beiSoll.Jug.100
864 4321 935 4404 ipse
958 4329 1102 4383 armatus
1124 4320 1343 4404 intentusque,
1366 4316 1438 4379 item

306 4416 424 4482 milites
448 4418 585 4502 cogebat
607 4423 665 4501 (sc.
689 4428 829 4486 armatos
852 4421 1059 4506 intentosque
1081 4422 1180 4503 esse).
1235 4451 1237 4454 ·

389 4519 429 4586 Je
457 4519 615 4586 nachdem
642 4544 709 4586 nun
739 4521 798 4587 das
828 4544 870 4586 zu
899 4521 1105 4606 ergltnzende
1128 4521 1274 4588 Verbum
1300 4541 1363 4585 von
1385 4515 1440 4580 der
