3142 5144
742 443 782 452 -
826 371 951 470 86..

272 577 401 660 6616666
422 575 479 640 der
500 575 571 639 eine
594 596 655 638 von
678 574 749 638 dem
772 575 894 640 andern
918 573 1061 639 schitrfer
1081 572 1275 659 geschieden
1289 572 1415 637 werden

273 676 335 742 soll
369 675 416 740 als
450 675 516 740 dies
549 675 649 740 durch
682 681 809 758 uterquc
836 674 1019 760 geschehen
1047 675 1171 758 warde,
1200 696 1236 738 so
1264 674 1308 738 ist
1335 672 1415 738 doeh

272 776 355 842 auch
381 799 420 842 zu
447 775 632 860 bedenken,
662 777 734 842 dass
762 776 813 842 die
843 775 984 861 Spraehe
1011 776 1130 841 einmel
1157 797 1199 841 an
1227 775 1279 840 die
1300 779 1415 840 stereo-

271 882 371 965 typen
399 878 536 944 Formen
569 900 659 962 qoem
686 881 830 962 quisque,
865 898 959 944 scum
989 881 1119 962 quisquc
1153 875 1307 964 gewdhnt
1336 899 1416 962 war3

268 982 304 1066 ja
331 1001 365 1044 es
394 981 520 1045 existirt
548 979 642 1046 keine
665 979 778 1061 Stella,
805 1000 856 1044 wo
883 980 917 1045 in
946 978 1071 1045 solcher
1100 978 1313 1065 Verbindung
1333 983 1416 1044 ater·

274 1103 334 1165 que
355 1081 477 1150 611616.

508 1250 543 1315 F.
572 1249 874 1337 Interrogativa
895 1250 972 1314 und
994 1249 1187 1315 Relativa.

360 1372 391 1452 §.
414 1369 465 1434 52.
488 1367 562 1432 Wie
590 1369 722 1454 quisque
751 1372 831 1434 statt
857 1371 1005 1453 uterquc,
1034 1368 1135 1432 findet
1163 1367 1232 1433 sich
1260 1372 1420 1434 ceretreut

275 1492 338 1537 von
367 1469 480 1536 Cicero
514 1469 554 1534 61
588 1469 637 1534 116
670 1493 709 1534 66
736 1469 798 1534 den
826 1469 997 1554 8611166166
1025 1467 1107 1534 auch
1134 1471 1206 1551 qais
1233 1471 1313 1534 statt
1334 1475 1419 1536 oter:

276 1572 343 1639 Cic.
374 1573 444 1636 Att.
475 1571 524 1654 16,
556 1572 605 1655 14,
637 1573 650 1634 1
682 1575 719 1636 ut
746 1593 839 1656 quern
867 1570 955 1655 velis,
984 1573 1109 1636 nescias
1137 1570 1219 1654 (scil.
1242 1571 1419 1636 Antonium

281 1696 323 1738 an
346 1672 580 1754 Octavianum).
608 1672 790 1756 161613,
816 1675 829 1736 l
858 1676 894 1736 ut
922 1693 987 1736 nou
1016 1670 1218 1756 explicarem,
1241 1653 1317 1756 quid
1340 1675 1422 1736 esset

277 1774 433 1860 optimum
456 1775 545 1838 sactu
568 1773 651 1859 (scil.
673 1795 802 1838 manere
825 1775 859 1837 in
881 1773 975 1838 Italia
989 1796 1031 1837 66
1047 1773 1206 1858 proficisci
1221 1773 1260 1837 ad
1275 1773 1420 1859 bellum).

276 1875 385 1942 (1666.
409 1875 439 1939 b.
462 1895 495 1961 g.
519 1875 550 1958 5,
572 1873 616 1939 44
644 1875 775 1960 quinam
802 1873 1015 1939 anteferretur
1038 1873 1159 1956 (Pulius
1182 1896 1223 1938 an
1245 1873 1420 1961 Vorenus).

274 1975 386 2061 Virg.
410 1978 492 2040 Aen.
519 1976 567 2058 12,
584 1977 645 2041 719
667 1975 738 2060 quis
760 1976 885 2042 nemori
907 1977 1079 2059 imperitet.
1103 1976 1164 2041 127
1180 1997 1274 2061 quem
1290 1975 1422 2040 damnet

275 2077 374 2142 labor.
405 2078 472 2142 niv.
503 2081 531 2160 1,
560 2077 611 2161 66,
642 2078 681 2142 10
708 2077 823 2162 cupido
853 2077 985 2141 incessit
1013 2076 1137 2141 animos
1166 2077 1315 2142 iuvenum
1340 2078 1421 2160 (scil.

277 2179 342 2243 Titi
375 2181 408 2243 et
429 2178 596 2263 Arruntis)
620 2178 812 2261 sciscitandi,
836 2179 877 2242 ad
898 2200 992 2262 quem
1014 2199 1123 2243 eorum
1145 2199 1281 2264 regnum
1303 2178 1422 2243 Rome-

278 2302 356 2345 num
390 2268 475 2343 esset
508 2282 686 2344 venturum.
721 2281 752 2362 7,
783 2281 812 2358 9,
842 2282 865 2344 'I'
896 2302 955 2344 nec
983 2280 1037 2365 qui
1064 2280 1258 2364 potirentur,
1292 2279 1425 2345 incertis

281 2381 403 2446 viribus
426 2379 504 2445 satis
527 2381 665 2445 discerni
687 2382 820 2465 poterat.
845 2381 874 2464 9,
895 2381 946 2464 46,
967 2383 987 2446 8
1009 2381 1085 2466 quid
1107 2381 1250 2446 mallent.
1271 2381 1426 2465 10,12,5

281 2505 344 2569 qua
373 2484 468 2563 (statt
494 2485 565 2545 utra
592 2483 708 2566 perte.)
731 2483 782 2564 21,
805 2483 856 2564 39,
879 2483 899 2546 6
921 2484 1072 2566 incertos,
1094 2505 1174 2566 quae
1195 2505 1270 2568 pars
1292 2505 1426 2568 sequen-

280 2585 322 2649 da
346 2588 440 2648 esset.
485 2581 649 2648 Phaedr.
672 2583 702 2662 4,
725 2583 777 2664 23,
804 2585 830 2648 1.
860 2581 964 2648 Ourt
987 2584 1017 2668 3,
1042 2584 1164 2667 12,11.
1193 2582 1296 2649 Pers.
1319 2585 1352 2671 2,
1377 2586 1426 2650 19.

191 2745 196 2756 .
280 2686 367 2753 Τ66.
396 2707 471 2750 ann.
498 2686 526 2768 1,
549 2683 590 2748 47
621 2705 698 2768 quos
727 2683 827 2767 igitur
855 2685 1094 2768 6616166613,
1120 2688 1134 2748 1
1166 2684 1242 2770 quid
1263 2708 1323 2770 pro
1344 2691 1425 2753 tem·

279 2809 355 2872 pore
382 2787 476 2851 foret.
520 2785 542 2852 J
549 2809 604 2850 66.
628 2786 657 2868 8,
683 2785 743 2850 195
770 2785 847 2870 quid
876 2787 998 2850 satius?
1027 2785 1143 2871 Apul.
1171 2788 1300 2871 16612,
1323 2789 1427 2855 2561

276 2911 318 2954 66
353 2888 430 2953 deus
457 2888 585 2972 quidem
621 2886 796 2972 Delphicus
830 2888 898 2971 ipse
932 2887 1027 2953 facile
1055 2888 1266 2972 discerneret,
1300 2891 1427 2956 duobus

275 2989 369 3056 nobis
391 2989 581 3072 iacentibus,
605 2989 675 3072 quis
700 2991 784 3052 66661
806 2989 911 3075 magis
932 2992 1084 3056 mortuus.
1129 2989 1287 3076 Vopirc.
1312 2992 1426 3058 Aurei.

280 3091 300 3156 6
328 3091 355 3156 si
382 3091 465 3156 forte
494 3093 710 3175 quaereretur,
739 3089 815 3173 ¹quis
843 3089 1038 3155 Aurelianus
1066 3091 1186 3177 aliquid
1216 3093 1266 3157 vel
1293 3093 1427 3160 fecisset

283 3193 333 3258 vel
354 3193 517 3278 gessisset.

364 3292 525 3376 seltener,
559 3292 635 3357 aber
668 3290 749 3356 6661
781 3291 883 3358 66166
915 3293 967 3357 161
1000 3291 1203 3377 Klaesikern,
1243 3295 1332 3361 steht
1367 3297 1427 3362 das

277 3393 507 3458 Relativum
536 3397 591 3476 qui
619 3395 671 3457 fssr
693 3399 779 3458 uter:
808 3393 896 3459 Caes.
925 3395 955 3458 b.
986 3416 1011 3459 c.
1044 3396 1072 3476 1,
1101 3395 1143 3459 66
1170 3397 1223 3480 qui
1252 3397 1343 3481 prior
1367 3397 1428 3463 has

278 3496 443 3580 angustias
476 3495 694 3580 occupaverit,
729 3495 769 3558 ab
801 3495 861 3559 hoc
894 3494 1020 3560 hostem
1053 3496 1215 3582 prohiberi
1242 3497 1327 3564 61111
1357 3522 1428 3566 esse

277 3597 411 3682 negotii.
456 3597 534 3662 Lis.
566 3598 594 3680 l,
623 3597 653 3680 6,
682 3597 704 3660 4
736 3596 878 3681 auguriis
906 3597 1061 3683 legerent,
1090 3599 1145 3684 qui
1173 3621 1291 3664 nomen
1322 3623 1429 3668 novae

282 3698 352 3763 urbi
374 3698 474 3763 daret.
499 3700 527 3782 1,
549 3699 636 3781 24,3
660 3697 748 3762 66166
769 3699 881 3782 popuii
905 3700 988 3764 cives
1010 3721 1047 3764 eo
1070 3701 1245 3766 certamine
1260 3703 1429 3788 vicissent,

279 3801 307 3864 is
340 3799 432 3864 alteri
465 3800 583 3884 populo
618 3839 654 3847 —
691 3799 897 3882 imperitaret.
931 3801 983 3885 22,
1016 3802 1067 3886 23,
1098 3803 1119 3868 6
1151 3807 1202 3885 61,
1236 3825 1318 3888 qnae
1354 3827 1431 3890 pars

266 3899 435 3984 ,diamani
468 3905 501 3964 et
527 3899 641 3985 Poeni)
676 3899 747 3984 plus
780 3902 936 3986 reciperet
968 3924 1064 3987 quam
1092 3902 1184 3968 daret
1212 3907 1266 3969 611.
1299 3905 1355 3990 27,
1386 3907 1430 3974 35

279 4001 453 4066 exercitum
488 4023 527 4066 ex
561 4001 751 4066 duobus-
778 4001 920 4088 eligeret,
954 4025 1049 4088 quem
1076 4005 1195 4070 mallet.
1225 4028 1274 4091 cp.
1302 4007 1349 4072 40
1377 4015 1432 4094 qui

279 4123 389 4168 eorum
424 4103 512 4187 prior
543 4103 687 4186 vicisset,
721 4102 807 4184 intra
838 4127 954 4188 666666
988 4107 1055 4171 dies
1089 4111 1192 4172 castra
1221 4129 1293 4174 cum
1325 4107 1432 4174 altero
1555 4167 1556 4196 ,

285 4205 476 4268 iunctarum.
516 4243 557 4252 —
596 4204 670 4269 Wie
707 4204 780 4269 sehr
818 4207 873 4270 der
911 4207 1196 4293 Sprachgcbrauch
1228 4211 1433 4295 schwankte,
1555 4209 1556 4218 ’

280 4305 392 4390 neigen
421 4303 558 4390 Stellen,
592 4306 651 4372 wie
680 4305 769 4372 Caes.
799 4307 829 4372 b.
860 4331 885 4373 6.
918 4312 945 4394 1,
976 4311 1017 4376 70
1049 4311 1114 4375 utri
1141 4311 1229 4395 prius
1258 4313 1433 4396 angustias

284 4409 473 4492 montesque
512 4412 706 4493 occuparent
743 4409 942 4494 (vergliehen
979 4412 1040 4477 mit
1071 4411 1143 4476 dem
1171 4413 1263 4478 ¹oben
1299 4413 1435 4480 citirten

285 4529 335 4598 66.
366 4508 431 4595 66).
470 4508 538 4574 Liv.
572 4510 627 4594 10,
660 4511 715 4592 19,
745 4511 765 4578 9
797 4511 959 4581 Etruriam
993 4517 1026 4579 et
1053 4511 1216 4580 Samnium
1247 4517 1436 4599 provincias
