3050 5146
553 367 783 432 -165-

111 511 213 578 melius
234 523 331 598 gesta
352 534 414 599 res,
438 517 524 602 quod
546 525 616 582 tum
638 527 737 604 caput
758 519 901 584 omnium
924 539 1074 584 curarum
1093 521 1238 604 publiea·

111 637 171 678 rum
186 625 275 680 erat.
309 617 340 698 5,
371 617 413 682 34
435 617 620 701 Celtarum,
643 641 728 704 quae
749 641 826 704 pars
849 619 979 686 Galliae
1005 623 1184 686 tertiaeet.
1207 625 1238 704 7,

109 716 145 780 20
163 739 200 780 na
222 715 435 802 appellarant·
452 719 641 803 consilium,
668 737 753 806 quae
778 722 831 788 via
858 743 897 786 ao
923 724 1102 788 necessitas
1130 725 1240 811 appel-

110 815 195 881 landa
216 829 312 883 esset.
347 821 378 902 7,
400 820 442 885 23
464 821 644 903 exercitus,
676 821 764 907 quod
785 859 828 870 -
849 822 1032 888 subsidium
1055 833 1152 890 esset.
1185 827 1238 910 23,

110 920 141 980 ll
162 918 318 1004 Capuam,
335 921 429 1007 ‘quod
451 931 550 1008 eaput
574 921 771 1008 Campaniae
794 924 846 988 sit.
862 924 915 1006 32,
937 925 981 990 30
1002 925 1127 1009 Brixia,
1151 927 1239 1013 quod

108 1029 194 1106 eaput
213 1021 322 1104 gentis
346 1033 427 1087 orat.
455 1023 507 1103 36,
533 1025 569 1088 11
592 1025 767 1108 Leucadii,
784 1022 886 1111 ‘quod
908 1025 1112 1094 Aeamaniae
1138 1039 1239 1116 eaput

107 1131 157 1184 est.
182 1121 235 1202 42,
258 1122 302 1186 44
323 1122 457 1188 Thebae
484 1145 614 1213 quoque
635 1127 727 1214 ipsae
734 1127 856 1214 ,quod
878 1127 1036 1194 Boeotiae
1057 1140 1157 1218 eaput
1178 1141 1239 1202 est.

179 1221 238 1286 Ala
267 1222 392 1308 Regel
420 1225 520 1290 kann¹
537 1247 623 1294 man'
646 1229 717 1294 hier
743 1245 856 1312 wagan
884 1228 942 1294 dar
964 1229 1238 1317 iiberwiegenden

106 1323 265 1388 Mebrzahl
288 1324 348 1390 der
361 1325 485 1412 Belage
506 1329 798 1414 dieBestimmung
812 1329 966 1414 Madvigs
988 1331 1099 1416 geiten
1113 1331 1239 1402 lassent

106 1423 157 1488 das
177 1425 310 1491 Relativ
333 1431 501 1514 eongruirt
522 1430 582 1494 mit
604 1433 725 1496 seinem
741 1429 1042 1516 Pradioatsnoman,
1064 1456 1158 1500 wenn
1171 1436 1239 1502 'dae

93 1527 420 1617 'Beziehungsnomen
435 1533 479 1595 im
494 1531 698 1618 Hauptsatze
713 1549 756 1598 an
771 1531 840 1598 aioh
856 1531 1056 1618 hintnigliet
1072 1535 1240 1604 bestimmt

104 1628 142 1692 ist
161 1631 224 1694 uud
249 1629 352 1696 durch
375 1631 438 1696 den
453 1632 657 1700 Relativsata
680 1657 742 1698 nur
763 1637 835 1699 eine
856 1633 1095 1720 gelegentliohe
1108 1637 1238 1706 Bemer·

104 1729 185 1816 kung
213 1731 296 1798 iiber
324 1733 472 1800 desselbe
500 1735 837 1820 hinzugefiigt'wird.
887 1736 975 1801 Dass
997 1738 1076 1804 aber
1097 1740 1150 1805 die
1171 1743 1238 1806 ein·

104 1830 206 1898 zeluen
223 1835 462 1900 Schriftsteller
483 1836 587 1904 hlerin
609 1838 812 1922 keinesuegs
836 1849 1034 1924 consequent
1049 1842 1238 1926 'verfahrem

103 1935 208 2019 reigen
231 1936 431 2004 namentlieb
454 1939 508 2002 die
534 1949 630 2004 uniar
653 1939 710 2002 Nr.
734 1961 755 2003 a
778 1939 973 2006 aus'Livius
999 1942 1236 2026 mitgetheiiten

103 2034 228 2103 Stellen.

177 2143 208 2220 ξ.
236 2142 305 2206 112.
351 2141 417 2206 Ein
438 2143 682 2221 Pronomeu,
707 2143 845 2208 welches
868 2143 938 2209 si'ob
961 2144 1020 2208 aui
1043 2147 1095 2210 ein
1111 2147 1237 2214 Nomen

102 2241 135 2302 in
155 2242 288 2308 eiuem
311 2243 626 2310 anderen'Satae
648 2243 790 2328 baaieht,
813 2245 1024 2330 congruirt
1040 2251 1237 2315 auweiien

101 2343 206 2409 nieht
229 2346 280 2409 im
303 2343 437 2412 Genua
461 2347 556 2412 odor
578 2346 775 2411 Numerus
797 2347 858 2411 mit
880 2345 1002 2413 diesem
1025 2348 1161 2414 Nomen.
1197 2353 1238 2416 ln

101 2429 201 2510 dieser
224 2446 432 2513 Constructio
453 2448 495 2514 ad
518 2471 648 2514 sensum
676 2448 850 2514 verfahren
878 2447 979 2514 sehon
1001 2447 1055 2514 dio
1078 2449 1239 2518 Komiker

101 2549 169 2615 sehr
190 2551 270 2634 irai3
293 2571 359 2614 von
381 2549 424 2614 da
443 2543 490 2616 'ab
512 2551 600 2616 zieht
622 2552 670 2616 sie
692 2550 763 2617 sich
784 2549 886 2616 durch
911 2548 977 2614 alle·
996 2549 1158 2618 Perioden
1181 2555 1239 2618 der

100 2648 237 2737 Spraehe
259 2649 328 2716 und
350 2650 434 2716 wird
455 2651 558 2718 solbat
580 2675 644 2717 von
667 2653 731 2718 den
746 2651 943 2717 Klassikern
965 2650 1056 2718 nieht
1071 2657 1238 2737 geseheut.

179 2753 308 2818 Plaut.
332 2753 422 2818 Pers.
438 2753 469 2838 3,
495 2755 523 2837 1,
546 2754 588 2820 65
610 2755 638 2819 si
659 2754 720 2820 hoe
743 2753 928 2820 adcurassis
950 2749 1069 2838 lepide,
1092 2757 1168 2841 quoi
1190 2759 1239 2821 rei

99 2849 225 2941 operam
254 2855 381 2920 damus.
433 2855 530 2942 Epi'd.
562 2856 590 2940 1,
619 2857 649 2937 2,
680 2858 715 2920 11
751 2856 878 2940 argenti
908 2855 985 2920 dare
1018 2853 1238 2941 quadraginta

99 2957 215 3041 minas,
250 2956 338 3044 quod
371 2957 517 3024 danistae
551 2957 661 3039 detur,
695 2956 783 3022 unde
816 2978 877 3042 ego
903 2955 986 3020 iilud
1013 2956 1139 3042 sumpsi
1172 2956 1237 3022 fae-

98 3078 182 3122 nore.
205 3095 246 3140 ··,
269 3057 356 3122 Ter.
379 3058 499 3124 Heaut.
519 3060 548 3139 1,
573 3061 601 3142 1,
624 3058 645 3124 5
667 3058 720 3124 vel
742 3059 847 3124 virtus
865 3067 922 3124 tua
936 3079 988 3122 me
1003 3056 1057 3122 vel
1071 3057 1237 3142 vicinitas,

98 3158 181 3243 qnod
198 3181 260 3245 ego
274 3159 308 3224 iu
330 3161 512 3246 propinqua
526 3169 619 3246 parte
634 3160 798 3226 amicitiae
812 3168 903 3245 puto,
925 3159 1005 3224 faeit
1019 3168 1057 3225 ut
1069 3165 1101 3224 te
1116 3158 1235 3225 audac·

99 3267 144 3322 ter
170 3282 330 3326 moneam.
381 3259 466 3325 Eun.
492 3261 523 3340 2,
556 3261 584 3344 1,
613 3263 635 3327 5
662 3279 723 3346 ego
751 3283 878 3348 quoque
906 3281 972 3325 una
998 3281 1113 3347 pereo,
1151 3263 1237 3348 quod

99 3360 208 3427 mihist
229 3363 338 3429 oarius
361 3362 398 3446 (i.
422 3385 449 3427 e.
472 3362 529 3447 qui
551 3361 632 3427 mibi
654 3384 727 3427 sum
749 3362 880 3445 carior).
914 3362 957 3428 So
980 3360 1064 3428 auoh
1087 3361 1140 3427 bei
1163 3363 1237 3429 dem

99 3459 208 3529 Genus
229 3487 295 3530 von
316 3463 537 3530 Personen:
561 3462 689 3528 Plaut.
712 3463 810 3528 Most.
835 3466 863 3547 1,
886 3465 917 3544 3,
941 3463 980 3528 87
1004 3485 1088 3549 quae
1110 3485 1169 3548 pro
1185 3487 1237 3527 ine

99 3583 227 3630 oausam
241 3565 374 3648 diceret,
396 3573 568 3651 patronum
583 3563 734 3630 liberavi.
758 3563 834 3631 Cas.
850 3564 881 3646 3,
904 3566 935 3648 4,
958 3564 979 3628 2
1000 3565 1057 3651 qui
1072 3585 1124 3628 me
1138 3573 1239 3650 atque,

98 3687 229 3732 uxorem
252 3667 463 3750 ludificatust,
486 3665 589 3732 larua.
626 3666 713 3731 Ter.
729 3665 834 3732 Andr.
857 3666 888 3746 3,
911 3665 942 3749 5,
968 3667 983 3727 1
1007 3665 1063 3730 ubi
1079 3663 1236 3730 illiceat?
1260 3723 1262 3726 .

98 3767 212 3852 scelus,
234 3771 290 3855 qui
312 3790 365 3834 mo
387 3766 484 3833 hodie
506 3776 564 3834 ott.
607 3767 672 3833 Ad.
696 3768 727 3850 2,
750 3768 781 3849 3,
810 3766 830 3830 9
857 3767 1009 3832 festivom
1037 3773 1152 3852 eaput,
1181 3766 1236 3852 qui

6 3897 7 3904 .
98 3866 290 3951 ignominias
319 3870 383 3935 sibi
410 3879 485 3957 post
512 3869 642 3954 putavit
668 3889 749 3934 esse.
794 3867 879 3934 Eun.
908 3867 939 3948 2,
962 3867 994 3949 3,
1019 3867 1052 3930 ll
1086 3877 1123 3931 nt
1144 3865 1235 3930 illum

99 3966 130 4033 di
158 3969 303 4059 deaeque
332 3973 457 4036 senium
486 3969 642 4058 perdant,
675 3970 730 4057 qui
758 3968 856 4036 bodio
884 3989 936 4032 me
967 3977 1147 4033 remoratus
1176 3979 1236 4032 est.

84 4070 188 4136 -0der
214 4073 271 4138 das
300 4072 432 4138 Relativ
458 4071 577 4138 riobtet
597 4071 674 4136 'sich
690 4071 790 4136 -naoh
818 4071 924 4136 einem
957 4068 1237 4134 Possessivum

96 4179 178 4236 statt
197 4174 279 4239 naeh
301 4175 406 4239 einem
428 4171 780 4260 Personalpronomen:
810 4170 938 4236 Plaut.
962 4169 1064 4256 Epid.
1086 4171 1118 4252 b,
1144 4171 1172 4252 1,
1194 4169 1238 4232 20

98 4291 204 4337 meum
224 4274 368 4342 futurum
391 4276 514 4340 corium
536 4273 684 4361 pulcrum
714 4272 899 4358 praedicas,
928 4292 1024 4359 quem
1046 4278 1104 4335 ott.
1149 4268 1235 4334 Ter.

98 4372 202 4442 Andr.
226 4377 253 4456 1,
278 4381 306 4460 1,
329 4377 528 4442 tornuerre
550 4375 699 4440 fortunas
721 4396 822 4455 meas,
845 4373 901 4460 qui
924 4363 1058 4457 gnatum
1081 4369 1237 4436 haberem

100 4472 160 4537 tali
182 4475 309 4560 iugenio
337 4477 521 4562 praeditum
550 4477 626 4562 (wie
649 4475 748 4561 Soph.
772 4473 854 4540 Oed.
883 4473 953 4545 001.
983 4473 1045 4538 730
1071 4473 1129 4554 τῆς
1158 4471 1238 4554 ἐμῆς

957 4593 1008 4645 la·
