3056 5144
598 419 632 426 —
678 378 826 444 535-

137 535 270 616 Baulos,
283 533 450 621 Cybistra,
460 533 635 615 Misenum,
647 532 806 615 Tiberim,
824 533 953 614 fretum,
970 542 1111 598 montem
1127 534 1282 599 Taurum.

137 635 322 721 Allgemein
351 657 421 700 war
454 658 489 700 so
522 635 577 700 die
606 633 838 720 Bezeichnung
866 633 923 698 des
953 634 1283 700 Schlachtfcldes

137 737 243 802 durch
265 740 324 803 ad:
347 738 390 802 ad
412 737 552 820 Cannas,
575 736 729 800 Trebiam
751 760 782 799 ιι.
803 758 832 799 a.
848 759 892 798 m.
937 735 1001 800 Die
1024 735 1282 802 Meilanzahl:

137 838 180 903 ad
209 839 343 904 tertium
370 837 555 921 miliarium,
586 838 738 924 lapidem.
783 837 838 902 Aa
864 838 988 921 urbem,
1017 839 1062 904 ad
1082 845 1196 922 portus
1222 860 1285 905 esse

138 963 223 1024 „vor
245 943 329 1006 Rom
352 940 493 1026 liegen“.
508 979 551 990 —
567 939 635 1005 Cic.
659 940 735 1003 lam.
762 941 811 1021 11,
839 939 886 1019 18,
910 939 931 1004 5
952 939 995 1003 ad
1018 940 1127 1004 omnia
1149 940 1283 1004 deorum

137 1045 261 1127 templa.
301 1043 394 1107 Verr.
422 1044 457 1124 4,
487 1043 508 1106 2
535 1043 576 1107 ad
605 1043 711 1107 aedem
739 1039 931 1107 Felicitatis.
980 1041 1043 1106 Mit
1070 1039 1212 1128 Ellipse:
1241 1042 1283 1106 ad

138 1144 314 1231 Apollinis,
331 1145 412 1231 Opis
427 1168 457 1210 u.
475 1143 542 1230 dgl.
573 1142 644 1210 Cat.
667 1143 697 1224 3,
724 1144 762 1206 10
782 1141 824 1206 80
847 1143 956 1208 omnia
977 1142 1163 1228 pulvinaria
1186 1143 1284 1226 (auch

137 1247 240 1330 Lim).
268 1247 311 1311 ad
341 1248 411 1310 Att.
437 1245 486 1328 12,
508 1245 550 1310 36
578 1247 622 1310 ad
645 1246 755 1309 villum
784 1246 923 1309 fortasse
952 1266 1034 1309 eras.
1065 1245 1158 1308 Verr.
1181 1245 1218 1327 4,
1244 1246 1283 1310 16

137 1348 243 1414 multa
271 1348 312 1411 ad
341 1345 437 1412 villas
466 1357 540 1412 tuas
568 1348 690 1432 posita,
723 1346 811 1432 apud
844 1346 965 1411 amieos
994 1345 1096 1410 multa
1124 1347 1283 1432 deposita.

137 1475 168 1539 p.
192 1449 266 1514 Mil.
291 1450 341 1533 19,
363 1449 414 1515 51.
443 1472 474 1535 p.
497 1446 583 1512 Tull.
606 1448 649 1510 20
676 1447 846 1512 dominum
874 1469 944 1512 esse
973 1447 1014 1511 ad
1043 1447 1154 1513 villam
1176 1446 1283 1513 —ad

137 1576 170 1617 v.
194 1562 275 1618 erat.
304 1553 376 1616 Att.
403 1552 451 1632 10,
474 1551 504 1630 4,
528 1549 547 1614 8
577 1547 641 1613 fuit
667 1549 795 1612 adme.
825 1549 904 1613 fam.
927 1548 956 1628 9,
982 1552 1010 1633 1,
1033 1552 1054 1614 2
1076 1550 1111 1614 in
1134 1548 1281 1614 Cumano

136 1654 179 1719 ad
201 1664 245 1720 te.
277 1655 346 1719 Att.
369 1653 401 1734 8,
424 1651 455 1734 3,
479 1652 499 1716 6
527 1647 727 1716 invidiosum
758 1651 800 1712 ad
830 1649 942 1716 bonos.
968 1689 1004 1699 -
1030 1651 1283 1717 Juristiscbe

136 1755 336 1821 Termini:
360 1754 458 1818 Tuae.
481 1752 513 1837 3,
541 1753 581 1816 21
610 1773 675 1816 non
703 1752 791 1838 apud
820 1753 999 1817 exercitum
1020 1753 1189 1840 nequead
1212 1775 1283 1817 cen-

136 1881 228 1925 sores
252 1859 371 1922 dicere.
402 1854 494 1920 acad.
517 1853 548 1934 2,
571 1855 614 1918 45
636 1855 678 1917 80
702 1863 850 1918 senatum
872 1863 969 1918 stare.
1001 1855 1110 1922 Vatin.
1136 1878 1188 1940 ap.
1212 1854 1280 1920 Cic.

135 1964 217 2027 fam.
241 1961 273 2043 5,
300 1959 348 2036 10,
371 1958 392 2020 4
414 1956 457 2021 80
480 1955 653 2021 Caesarem
682 1977 788 2020 meam
816 1978 948 2021 causam
970 1979 1060 2041 agas.
1091 1981 1123 2042 p.
1147 1957 1217 2041 Lig.
1244 1959 1283 2020 10

136 2065 178 2128 ad
203 2069 371 2148 parentem
394 2059 442 2121 sic
463 2058 519 2142 agi
541 2055 638 2135 solet,
669 2056 711 2120 ad
738 2055 871 2122 iudices.
902 2057 992 2122 Brut.
1016 2060 1058 2123 20
1079 2081 1154 2124 curn
1176 2097 1215 2106 -
1241 2056 1283 2122 ad

136 2163 295 2252 populum
323 2183 450 2226 summa
477 2159 684 2224 contentione
712 2159 862 2223 dixisset.
892 2160 961 2223 An.
988 2159 1037 2241 12,
1060 2160 1113 2242 29,
1139 2161 1154 2222 1
1185 2181 1282 2224 excu-

136 2267 223 2331 satio
250 2262 293 2328 ad
321 2262 468 2326 Brutum.
506 2260 602 2325 Rosc.
632 2281 712 2324 com.
742 2260 763 2322 4
791 2259 833 2324 80
861 2259 1031 2326 arbitrum.
1069 2261 1158 2324 Verr.
1188 2261 1218 2332 4,
1241 2261 1283 2325 28

135 2370 178 2434 80
201 2366 451 2452 reciperatores.
488 2361 571 2426 Phil.
602 2361 652 2442 14,
684 2360 723 2424 12
751 2361 794 2424 80
827 2361 959 2427 inferos.
996 2361 1082 2448 legg.
1112 2362 1142 2442 2,
1171 2363 1214 2427 34
1241 2363 1281 2426 80

134 2489 333 2559 praeconem
357 2467 452 2531 etad
474 2464 653 2530 tibicinem.
678 2501 715 2509 -
738 2461 847 2528 Caes.
872 2465 902 2531 b.
924 2487 957 2550 g.
979 2466 1017 2545 2,
1042 2465 1081 2529 19
1104 2465 1146 2529 80
1171 2463 1281 2530 silvas.

111 2575 165 2652 ,3,
197 2572 220 2636 9
248 2591 363 2636 nomen
391 2567 433 2632 ad
460 2588 571 2633 ornnes
599 2555 924 2632 nationes'sauctum
953 2567 1220 2654 inviolatumque.
1249 2567 1281 2648 4,

137 2676 176 2739 16
205 2682 332 2738 tantum
361 2691 432 2734 esse
460 2688 575 2734 nomen
611 2677 709 2753 atque
741 2670 924 2755 opinionem
955 2671 1023 2733 eius
1051 2669 1213 2733 exercitus
1241 2705 1283 2714 —-

135 2777 237 2841 etiam
265 2773 309 2836 ad
335 2770 465 2836 ultimas
495 2768 733 2834 Germanorum
761 2772 919 2835 nationes.
956 2770 992 2851 6,
1022 2770 1042 2833 9
1069 2767 1112 2833 ad
1141 2777 1282 2856 pontem.

134 2878 177 2943 38
207 2875 251 2939 ad
280 2875 464 2940 Caesarem.
499 2872 532 2936 b.
562 2891 590 2934 0.
619 2871 654 2951 3,
687 2869 729 2934 60
761 2893 912 2956 magnam
944 2909 979 2920 -
1009 2873 1282 2958 contemptionem

134 2979 177 3044 ad
202 2997 325 3045 omnes.
355 2976 387 3038 b.
410 2997 441 3059 g.
465 2974 495 3053 5,
518 2973 560 3038 53
588 2974 632 3036 ad
658 2974 825 3038 exeritum
852 2994 982 3037 manere
1011 2973 1168 3037 decrevit.
1199 2972 1282 3036 Liv.

134 3084 167 3164 3,
191 3081 235 3144 29
258 3079 300 3144 80
323 3099 430 3142 exarc.
454 3085 571 3139 manet.
605 3075 658 3154 29,
688 3073 730 3138 20
756 3085 794 3138 ut
820 3074 863 3138 ad
892 3097 1000 3140 exerc.
1024 3084 1178 3143 maneret.
1208 3075 1239 3157 6,
1263 3075 1283 3136 9

135 3181 253 3247 relicto
274 3181 320 3255 ad
342 3201 449 3244 exerc.
473 3175 606 3261 collega.
636 3175 689 3260 24,
712 3175 732 3239 9
754 3199 828 3240 000
851 3177 892 3240 80
917 3198 1023 3240 exerc.
1049 3187 1144 3240 esset.
1189 3175 1282 3239 Eben

136 3308 173 3350 so
204 3305 255 3368 cp.
289 3283 336 3346 10.
372 3281 409 3364 3,
438 3281 477 3346 31
512 3277 657 3344 invidiae
686 3299 737 3342 res
765 3277 806 3340 ad
837 3300 943 3344 exerc.
971 3279 1044 3342 fuit.
1081 3279 1138 3360 24,
1167 3278 1209 3341 48
1240 3278 1283 3342 80

62 3371 70 3396 ’
135 3408 249 3472 regem
271 3382 435 3448 remansit.
465 3379 577 3463 28,18
597 3379 640 3443 80
663 3391 808 3466 penates.
839 3380 891 3461 30,
911 3380 959 3443 14.
1004 3379 1206 3465 „Anklagen
1224 3401 1283 3444 vor

135 3489 213 3554 dem
237 3485 367 3552 Volkc“
391 3505 490 3568 apere,
513 3501 671 3563 accusare,
700 3483 782 3547 diem
804 3484 904 3547 dicere
926 3483 969 3546 ad
985 3482 1155 3564 populum:
1177 3482 1207 3560 2,
1230 3481 1281 3546 54.

134 3593 165 3671 5,
190 3589 245 3654 20.
275 3589 305 3664 6,
327 3588 358 3652 6.
391 3587 440 3668 10,
463 3586 514 3649 31.
545 3583 603 3663 24,
626 3583 678 3648 43.
709 3583 766 3664 29,
790 3585 840 3648 37.
871 3585 923 3664 43,
946 3585 976 3646 8.
1007 3583 1060 3663 45,
1083 3583 1136 3648 31.
1166 3583 1218 3665 38,
1241 3583 1283 3648 55

135 3693 179 3758 80
217 3701 400 3778 praetorem
433 3707 506 3750 reus
541 3684 658 3749 factus.
698 3687 757 3766 40,
784 3677 834 3749 24
855 3687 1058 3750 Demetrium
1087 3685 1127 3748 80
1157 3694 1281 3770 patrem

136 3793 319 3861 accusavit.
348 3791 380 3872 5,
403 3789 447 3852 20
468 3788 604 3852 crimina
626 3784 669 3850 ad
691 3786 829 3874 plebem.
861 3788 891 3870 l,
916 3788 933 3850 l
957 3807 1062 3872 neque
1084 3788 1216 3871 segnius
1240 3788 1285 3850 00

136 3899 239 3962 hostes
259 3891 381 3958 bellum
404 3897 590 3978 apparatur.
630 3889 679 3966 10,
701 3890 753 3970 35,
776 3891 798 3952 4
823 3913 854 3953 u.
885 3889 979 3954 bites.
1021 3892 1048 3970 l,
1071 3888 1114 3951 20
1135 3887 1177 3950 80
1200 3909 1283 3974 quae

137 3998 255 4081 templu
277 4017 371 4060 sacra
393 3993 518 4056 fierent.
554 3990 585 4072 2,
615 3991 654 4054 51
684 3989 726 4053 80
754 3991 842 4075 Spei.
877 3991 908 4072 4,
933 3990 950 4052 7
974 3989 1016 4052 80
1039 3989 1199 4054 Monetae.
1230 3989 1281 4071 26,

136 4101 178 4165 21
204 4098 247 4162 80
270 4096 384 4161 88080
402 4092 565 4159 Bellonae.
608 4091 770 4157 Dasselbe
792 4093 845 4174 30,
867 4093 920 4174 40,
946 4093 972 4156 1.
1006 4091 1282 4173 l,41ad.lovis

138 4201 292 4268 Statoris.
321 4235 362 4247 -
393 4199 426 4280 1,
458 4195 499 4259 26
532 4194 574 4257 80
606 4193 725 4280 vulgus
757 4197 921 4277 inpratum
953 4193 1118 4258 iudicium.
1159 4192 1212 4274 24,
1241 4193 1283 4256 32

139 4304 263 4369 inustos
276 4301 330 4365 ad.
346 4300 377 4383 2,
397 4299 436 4363 10
451 4296 538 4362 fama
557 4335 594 4346 -
611 4299 656 4363 ad
669 4301 810 4380 posteros
831 4297 919 4378 (Tac.
941 4319 1016 4360 ann.
1043 4298 1069 4376 1,
1086 4295 1106 4360 8
1126 4295 1283 4359 iactantia

137 4405 310 4492 gloriaque
337 4401 379 4466 80
407 4402 466 4486 p.).
512 4399 697 4486 llllgcmein
724 4396 957 4482 gebrauchlich
986 4419 1093 4462 waren
1123 4397 1175 4461 die
1197 4397 1281 4460 Aus-

138 4505 285 4573 drt'rcke:
314 4506 358 4570 oct
384 4523 516 4568 uranum
542 4523 613 4583 esse,
641 4501 761 4580 babere,
790 4501 834 4564 nd
854 4499 1009 4584 dextram,
1037 4501 1212 4578 sinistrum,
1240 4500 1285 4564 oct
