3070 5146
722 318 951 382 -586-

269 473 519 538 Entnehmen
558 473 669 536 einer
706 473 859 536 Summe
897 469 1048 535 Geldos
1086 491 1155 534 aus
1193 471 1276 534 dem
1315 469 1409 533 Ver·

268 581 410 660 mogen
438 573 557 639 durch:
587 574 628 638 do
656 595 740 655 meo,
771 582 839 655 tuo,
868 594 943 653 suo,
973 580 1095 653 vestro,
1124 569 1265 660 publico,
1296 570 1411 638 alieno.

269 677 337 740 Cic.
353 676 447 740 Verr.
472 676 503 758 3,
519 677 562 738 44
584 697 649 739 666
672 674 768 740 modo
792 674 826 736 in
847 671 992 760 publico,
1015 673 1073 737 sed
1097 672 1194 738 etiam
1217 672 1260 737 de
1283 697 1314 760 p.
1338 696 1411 744 con·

217 819 221 824 =
268 778 387 841 vivari.
421 776 497 841 Liv.
522 777 549 856 1,
578 777 619 840 20
647 774 837 840 Vestalibus
865 773 1064 862 stipendium
1096 774 1136 838 de
1165 797 1197 861 p.
1226 773 1354 839 statuit.
1384 776 1413 853 2,

271 880 310 943 16
335 879 376 942 66
399 902 427 966 p.
452 887 501 942 est
524 875 627 942 elatus
657 875 731 962 (auf
751 875 981 942 Staatslrosten
1011 874 1204 962 begraben).
1240 875 1273 957 4,
1296 875 1339 940 59
1361 875 1415 940 611-

270 980 425 1067 pendium
459 979 500 1044 de
527 1001 559 1065 p.
590 979 746 1066 accipere.
784 977 836 1058 22,
866 977 908 1041 60
935 979 1085 1064 captivos
1114 977 1154 1042 de
1184 999 1215 1063 p.
1245 975 1413 1042 redimere.

271 1082 326 1162 10,
358 1081 400 1146 46
429 1079 471 1145 (16
497 1079 622 1166 reliquo
650 1101 741 1161 aere,
776 1077 817 1143 de
853 1077 1027 1144 manubiis.
1070 1078 1175 1164 Capit.
1205 1079 1309 1144 Gord.
1332 1079 1354 1143 4
1376 1078 1416 1144 66

294 1206 330 1248 ro
354 1204 412 1247 rm.

270 1206 291 1270 p
332 1206 384 1348 Ι)4.
415 1283 529 1348 Durclr
556 1285 593 1350 do
619 1285 679 1348 mit
705 1282 810 1348 einem
838 1283 964 1348 Nomen
997 1282 1080 1347 wird
1116 1283 1174 1348 der
1202 1281 1417 1367 Gcgenstend

172 1413 173 1418 ¹
272 1388 351 1453 oder
384 1384 442 1448 der
469 1385 555 1450 storf
585 1383 789 1465 bezeichnet,
830 1408 897 1450 aus
932 1383 1121 1448 welchcm
1155 1385 1218 1448 ein
1250 1382 1417 1448 666666(

271 1487 397 1554 durch
431 1486 719 1569 1766116666661,6
757 1485 952 1566 66161661,
994 1485 1192 1551 namentlich
1228 1483 1282 1550 bei
1315 1487 1417 1566 facem

271 1588 338 1654 und
373 1589 454 1671 fieri.
499 1587 573 1652 Ter.
606 1587 671 1652 Ad.
705 1589 741 1668 5,
776 1589 810 1670 9,
845 1587 887 1652 39
926 1586 984 1650 666
1018 1587 1060 1652 66
1093 1587 1193 1651 fratre
1226 1588 1306 1674 quid
1339 1587 1416 1652 fiet?

272 1688 498 1755 Zweifelhefte
529 1679 759 1754 construction
795 1689 851 1754 bei
884 1689 953 1754 016.
984 1712 1015 1774 p.
1048 1686 1179 1768 Quinct.
1219 1690 1273 1770 17,
1305 1689 1349 1753 55
1377 1688 1417 1752 66

270 1815 383 1858 scurra
407 1788 587 1874 (entweder
615 1813 695 1854 vom
713 1789 1012 1876 Voraufgehenden
1042 1789 1122 1856 oder
1144 1811 1218 1855 vom
1241 1791 1416 1876 folgenden

271 1895 342 1977 1161
364 1879 557 1978 abhdngig).
594 1891 678 1957 Phil.
706 1893 738 1972 5,
768 1894 784 1957 7
813 1890 1002 1984 66166616
1026 1913 1188 1957 carcerem
1211 1892 1294 1958 fieri.
1324 1893 1415 1958 Brut.

271 1997 312 2060 68
336 1995 377 2060 66
400 1995 532 2059 Staieno
555 1993 684 2058 Aelium
708 1993 837 2058 fecerat.
872 1992 950 2062 lam.
978 1993 1009 2076 9,
1043 1994 1092 2075 17,
1117 1995 1133 2057 1
1158 1995 1236 2080 quid
1261 1993 1302 2058 66
1324 1994 1415 2060 nobis

276 2095 604 2186 1616666611116.
632 2097 663 2178 5,
686 2096 728 2160 20
757 2095 836 2181 quid
864 2094 905 2159 de
937 2094 1061 2182 praeda
1088 2095 1301 2162 faciendum?
1323 2098 1354 2178 8,
1376 2097 1416 2160 20
1518 2105 1519 2166 ³

272 2199 352 2286 quid
385 2195 492 2286 placet
521 2197 562 2262 de
591 2199 726 2262 innoxia
760 2196 968 2262 multitudine
1003 2195 1098 2262 fieri?
1136 2197 1256 2263 Petron
1288 2199 1348 2264 105
1375 2199 1412 2261 66
1518 2177 1519 2196 ¹

271 2322 355 2366 nave
388 2319 551 2366 carcerem
584 2297 704 2364 facere.
745 2295 844 2385 Apul.
878 2306 955 2363 met.
990 2300 1025 2380 1,
1066 2300 1104 2363 12
1138 2299 1179 2363 66
1213 2301 1414 2365 Aristomene
1518 2347 1519 2370 .

273 2402 403 2468 1661666
438 2400 554 2464 166166.
597 2403 626 2483 1,
657 2400 697 2464 14
726 2399 804 2486 quid
838 2399 879 2464 de
911 2422 964 2465 me
997 2399 1078 2464 fiet?
1121 2399 1207 2466 Just.
1230 2401 1262 2483 3,
1292 2402 1314 2465 2
1340 2402 1417 2466 6661
1518 2397 1519 2406 ³

273 2506 374 2588 igitur
397 2503 437 2568 de
459 2523 524 2565 uno
547 2501 666 2589 populo
689 2502 753 2568 duo
776 2523 920 2587 corpora.
954 2502 1004 2583 14,
1025 2501 1045 2566 6
1066 2503 1144 2588 quid
1167 2502 1209 2567 de
1224 2503 1417 2591 Olympiade

274 2606 345 2670 fieri
368 2603 480 2668 velint.
517 2602 605 2669 Flor.
634 2605 666 2685 2,
696 2604 726 2684 6,
758 2604 796 2669 18
825 2624 906 2688 pons
934 2604 975 2668 de
997 2602 1215 2670 cadaveribus
1238 2602 1358 2671 166166.
1386 2609 1416 2688 ξ.

274 2708 315 2772 32
349 2705 492 2771 mediam
526 2703 567 2768 de
601 2704 697 2770 ltalia
714 2701 878 2769 'Africam
911 2703 1040 2770 faceret.
1083 2704 1223 2770 Trebell.
1260 2705 1348 2773 Gall.
1381 2708 1416 2771 16

274 2807 425 2873 66516616
447 2805 488 2870 66
511 2809 597 2872 rosis
620 2806 710 2872 fecit.
741 2807 793 2871 De
815 2806 919 2894 pomis
941 2805 1078 2872 66616116
1100 2809 1291 2895 composuit.
1337 2809 1416 2896 Vop.

276 2911 355 2974 Aur.
379 2909 422 2974 49
444 2909 634 2974 convivium
657 2907 698 2973 66
725 2907 883 2974 assaturis
915 2907 988 2974 fuit.
1024 2910 1116 2975 Lact.
1143 2912 1171 2992 1,
1197 2911 1247 2992 15,
1272 2912 1313 2977 13
1335 2912 1416 2977 idem

276 3011 317 3075 de
340 3009 424 3076 Jove
447 3009 603 3076 fecerunt.
640 3010 671 3091 2,
696 3011 728 3092 3,
751 3011 771 3075 3
794 3010 872 3097 quid
897 3011 937 3074 de
961 3033 998 3076 eo
1020 3009 1148 3082 facies?
1183 3011 1214 3094 2,
1238 3013 1269 3093 4,
1293 3012 1335 3078 32
1355 3033 1415 3076 ma-

275 3114 400 3197 teriam,
432 3113 474 3177 de
503 3133 566 3199 qua
596 3122 672 3177 sunt
698 3107 863 3176 fabricati.
899 3113 931 3194 2,
965 3113 1015 3197 10,
1042 3114 1063 3178 5
1091 3113 1256 3179 hominem
1285 3114 1326 3180 de
1351 3113 1414 3180 luto

276 3215 409 3280 fastum.
427 3252 463 3262 —
483 3213 594 3280 Ueber
615 3213 678 3278 den
701 3212 832 3279 blossen
852 3214 929 3278 Abl.
952 3214 1019 3278 und
1042 3213 1105 3280 den
1126 3213 1304 3303 (seltenen)
1320 3217 1414 3282 Datis

277 3340 303 3380 s.
327 3315 359 3381 S.
383 3316 445 3382 519
468 3321 498 3399 ᾗ.
523 3316 597 3382 243.

361 3419 389 3482 5.
415 3417 455 3482 16
477 3417 739 3506 temporalem
763 3418 863 3483 Sinne
885 3418 990 3483 heisst
1011 3421 1064 3485 de:
1091 3419 1307 3486 unmittelbar
1328 3420 1414 3486 6661.

276 3519 383 3586 Plaut.
407 3519 506 3585 Most.
530 3520 591 3585 697
620 3543 686 3585 666
714 3519 835 3586 bonust
864 3543 995 3586 somnus
1019 3522 1059 3587 de
1081 3521 1229 3609 prandio.
1275 3523 1314 3588 In
1337 3521 1415 3588 61166
1518 3523 1519 3540 .

278 3623 410 3687 Zeiten:
433 3625 470 3688 de
483 3624 541 3701 die,
566 3625 602 3688 de
617 3627 712 3707 66616,
735 3621 814 3688 6666
829 3623 890 3688 mit
905 3622 963 3688 der
977 3624 1193 3690 modifioirten
1209 3625 1414 3710 Bedeutrmg:

278 3723 379 3790 sehon
401 3724 454 3789 bei
478 3723 581 3808 Tage,
605 3724 707 3790 sehon
730 3725 780 3790 bei
797 3723 905 3790 Nacht
922 3723 955 3788 d.
976 3724 1008 3790 h.
1033 3726 1150 3792 mitten
1172 3726 1206 3790 in
1230 3726 1290 3792 der
1306 3727 1414 3805 Nacht,

278 3826 376 3892 auch:
401 3823 513 3907 multa,
543 3826 653 3890 media
681 3825 722 3890 de
744 3835 850 3892 nocto.
886 3825 955 3894 016.
981 3826 1065 3894 Phil.
1093 3827 1124 3912 2,
1152 3829 1195 3895 34
1223 3843 1298 3895 666·
1317 3829 1414 3896 66166

278 3927 319 3991 66
342 3927 405 4011 616,
430 3927 488 3990 666
513 3929 610 3992 etiam
632 3928 667 3992 in
690 3927 776 3992 diem
799 3930 922 3994 vivero.
958 3927 1055 3995 Diem
1076 3911 1113 3996 'de
1134 3931 1184 3996 die
1206 3953 1295 4014 „von
1317 3933 1415 3996 einem

279 4028 351 4114 Tag
374 4052 449 4093 zum
472 4031 621 4094 andern“
650 4030 723 4093 Liv.
738 4032 771 4111 5,
786 4030 840 4094 48.
870 4029 923 4112 25,
939 4029 991 4096 25.
1023 4009 1109 4097 1661.
1131 4031 1164 4114 2,
1188 4035 1239 4099 15.
1260 4069 1303 4082 -
1323 4031 1415 4118 Apul.

278 4140 355 4195 met.
385 4131 415 4210 9,
449 4131 488 4197 15
518 4131 558 4196 66
589 4130 642 4196 616
671 4132 817 4218 quotidie
844 4131 969 4198 ederat.
1006 4133 1100 4200 0666.
1128 4135 1161 4200 b.
1190 4155 1221 4219 g.
1253 4137 1287 4217 1,
1317 4135 1354 4200 12
1379 4132 1416 4196 66

279 4234 376 4298 166116
404 4233 531 4320 vigilia.
569 4235 608 4299 21
639 4236 679 4300 66
707 4245 821 4320 quarta
849 4258 881 4299 v.
909 4235 983 4299 Liv.
1012 4236 1043 4320 9,
1070 4235 1113 4301 44
1135 4238 1175 4302 66
1197 4259 1229 4300 r.
1253 4238 1357 4302 166116.
1378 4270 1416 4282 -

281 4334 349 4399 016.
366 4335 407 4398 66
425 4335 486 4417 Qu.
503 4338 543 4401 sr.
558 4338 591 4419 2,
612 4339 626 4401 1
651 4337 787 4424 naviges
808 4336 849 4402 de
870 4360 981 4404 mense
996 4339 1182 4405 Decembri.
1218 4336 1413 4406 Auffsllend:

280 4434 364 4501 Bell.
388 4437 482 4523 Hisp.
505 4439 546 4504 33
569 4439 609 4504 66
632 4448 776 4526 tempore
799 4439 929 4505 cenavit
952 4441 1021 4526 (bei
1044 4439 1183 4523 Zeiten).
