3034 5142
552 303 822 396 -259-'

109 485 198 571 queri,
226 485 254 548 si
283 483 378 549 modo
405 486 541 550 inciteris
567 487 638 572 ipso
669 495 840 572 torquente
871 487 1016 566 securior
1038 496 1095 552 011.
1119 489 1169 566 tt,
1193 487 1235 551 24

108 589 212 652 delerit.

177 689 295 752 Stehen
318 686 469 774 Haupt·
492 687 560 750 und
583 687 817 753 Nebensata
840 689 884 752 im
905 689 979 754 Fut.
1003 690 1049 772 Il,
1072 712 1109 755 so
1124 691 1235 776 gelten

108 789 186 853 bride
206 779 426 874 Handlungen
456 789 504 854 als
533 791 566 852 in
595 789 653 853 der
676 789 828 855 Zulrunft
854 790 1127 878 gleichzeitig
1149 794 1233 858 vol·

107 889 243 954 landet:
268 891 373 955 Plaut.
397 894 495 957 Poeu.
520 890 601 978 prol.
624 917 656 956 v.
672 893 710 956 81
734 903 906 976 argentum
928 893 994 956 nisi
1018 893 1073 979 qui
1096 893 1234 976 dederit,

107 1014 194 1076 nugas
216 992 332 1076 egerit.
359 1015 388 1056 v.
412 992 453 1056 82
476 1015 588 1056 verum
612 995 667 1079 qui
691 993 830 1074 dederit,
854 1015 948 1078 mage
966 995 1105 1058 maiores
1122 996 1234 1079 egerit.

106 1093 181 1157 Pers.
203 1094 235 1176 3,
259 1095 290 1177 2,
313 1095 334 1158 3
356 1093 444 1180 quod
467 1095 497 1158 si
525 1117 588 1158 non
618 1093 747 1158 dederit
772 1104 870 1180 atque
892 1095 944 1159 hio
968 1095 1037 1160 dies
1061 1099 1234 1182 praeterin-

106 1196 228 1281 1·it,ego
252 1206 435 1280 argentum,
459 1194 513 1259 ille
535 1196 586 1259 ius
610 1196 782 1260 iurandum
806 1196 963 1260 amiserit.
1006 1196 1125 1262 Pseud.
1152 1200 1180 1280 1,
1203 1201 1235 1280 3,

108 1297 155 1359 142
175 1300 203 1362 si
230 1309 266 1363 tn
296 1308 466 1383 argentum
496 1297 661 1379 attuleris,
690 1321 763 1363 cum
787 1296 842 1360 illo
865 1296 1039 1383 perdidero
1063 1300 1172 1365 fidem.
1195 1339 1235 1347 —

105 1397 250 1484 Hitnfiger
272 1400 326 1466 bei
349 1400 505 1464 Cicero:
531 1421 562 1485 p.
586 1397 719 1478 Quinct.
744 1402 773 1480 ἓ.
790 1399 830 1464 15
848 1420 972 1481 verum,
997 1400 1121 1485 opinor,
1144 1402 1235 1464 vide-

104 1503 203 1580 rimus,
226 1524 300 1566 curn
323 1501 475 1566 dixerint.
499 1523 530 1586 p.
554 1499 627 1584 Lig.
652 1504 681 1582 ξ.
697 1501 738 1564 36
754 1523 851 1587 quarn
868 1499 1035 1584 (salutem)
1052 1523 1124 1565 eum
1139 1504 1236 1567 utris-

105 1624 156 1685 que
176 1603 227 1666 his
251 1603 393 1684 dederis,
417 1613 481 1666 tres
506 1601 623 1666 fratres
647 1603 786 1689 optimos
817 1641 858 1651 -
885 1603 965 1689 reip.
989 1603 1234 1673 condonaveris.

104 1701 137 1766 de
160 1702 246 1790 legg.
272 1709 300 1788 1,
326 1705 366 1768 12
395 1701 481 1790 quod
509 1703 537 1766 si
565 1703 723 1768 interesse
754 1704 922 1794 quidpiam
950 1703 1112 1769 tantulum
1141 1708 1235 1772 modo

104 1807 244 1890 potuerit,
268 1807 432 1896 amicitiae
454 1827 570 1870 nomen
594 1804 760 1870 occiderit.
784 1805 894 1869 deor.
917 1806 937 1870 3
960 1808 989 1886 ἓ.
1012 1806 1054 1871 55
1076 1807 1235 1872 virtutum

104 1907 283 1992 expertibus
307 1909 335 1972 si
358 1907 490 1971 dicendi
512 1907 640 1994 copiam
662 1905 915 1988 tradiderimus,
939 1929 1001 1971 non
1026 1929 1081 1973 eos
1105 1907 1236 1994 quidem

102 2021 236 2075 oratores
265 2011 483 2091 effecerimus,
513 2007 570 2074 sed
599 2007 784 2073 furentibus
813 2007 975 2094 quaedam
998 2031 1088 2072 arma
1110 2008 1236 2075 dederi-

103 2133 172 2174 mus.
198 2111 348 2192 11026.
374 2111 432 2175 101
456 2120 514 2174 aut
536 2111 817 2198 pertinacissimus
840 2109 957 2192 fueriS,
987 2111 1014 2173 si
1043 2111 1076 2174 in
1103 2133 1141 2175 eo
1164 2134 1235 2197 per-

102 2213 231 2293 stiteris,
260 2223 323 2277 aut
341 2212 524 2277 deserueris
554 2221 655 2276 totam
680 2211 815 2296 Epicuri
842 2211 1060 2297 voluptatem,
1089 2213 1116 2276 si
1139 2237 1236 2298 nega-

104 2316 191 2382 veris.
212 2315 232 2379 3
254 2317 284 2395 ξ.
312 2315 352 2379 10
374 2313 532 2400 quidquid
556 2314 642 2376 enim
665 2321 795 2399 praeter
817 2312 851 2377 id
874 2312 960 2399 quod
990 2312 1161 2381 honestum
1184 2317 1236 2396 sit,

103 2416 309 2503 expetendum
334 2438 405 2480 esse
428 2415 552 2480 dixeris
575 2415 609 2478 in
632 2414 791 2500 bonisque
821 2415 1054 2497 numeraycris,
1085 2427 1116 2480 01
1139 2417 1235 2482 hone-

103 2527 177 2582 sturn
199 2520 318 2606 ipsum,
342 2519 436 2604 quasi
453 2518 583 2582 virtutis
600 2516 719 2598 lumen,
744 2517 940 2580 exstinxeris
964 2527 995 2581 et
1011 2519 1166 2583 virtutem
1181 2518 1235 2604 pe-

103 2620 178 2685 nitus
202 2621 369 2686 everteris.
390 2619 412 2684 5
435 2624 465 2702 ξ.
489 2620 531 2684 45
554 2619 594 2684 ad
618 2640 657 2681 ea
680 2619 708 2682 si
736 2617 887 2704 voluptas
916 2620 1106 2700 accesserit,
1137 2644 1236 2685 unuin

103 2719 225 2808 aliquod
253 2723 428 2787 accesserit
454 2721 657 2786 commodum
687 2721 831 2806 corporis
860 2741 964 2806 neque
987 2741 1058 2785 eam
1080 2724 1235 2786 constitu-

101 2823 212 2887 tionem
227 2824 354 2888 ,summi
377 2824 454 2888 boni
477 2825 662 2888 mutaverit.
685 2823 739 2887 off.
763 2823 782 2886 3
806 2825 834 2902 ξ.
851 2823 893 2886 30
908 2823 935 2885 si
951 2821 1029 2907 quid
1045 2821 1087 2885 ab
1106 2821 1236 2888 homine

102 2933 170 2988 tuae
192 2925 344 2990 utilitatis
368 2947 467 2989 causa
490 2923 688 3004 detraxeris,
716 2923 892 2988 inhumane
919 2923 1036 2988 feceris
1060 2934 1236 3010 contraque

101 3037 227 3092 naturae
249 3027 367 3112 legem.
390 3025 466 3090 faur.
492 3027 540 3108 10,
567 3027 605 3091 13
635 3027 689 3112 qui
719 3026 805 3090 enirn
827 3024 873 3088 M.
897 3025 1078 3089 Antonium
1105 3048 1237 3114 oppres·

102 3128 189 3210 serit,
217 3130 245 3193 is
273 3128 394 3194 bellurn
423 3127 610 3194 confecerit.
655 3126 817 3192 Dusselbe
847 3127 896 3208 10,
921 3127 971 3191 19.
998 3127 1236 3208 11‚12.Lae1.

101 3229 128 3307 4,
151 3231 198 3294 16.
221 3253 251 3295 n.
276 3232 306 3295 d.
331 3230 352 3294 2
378 3233 408 3311 ξ.
437 3232 477 3295 67
507 3229 593 3294 haud
622 3251 718 3314 ergo,
745 3241 782 3294 ut
811 3229 939 3316 opinor,
968 3251 1137 3313 erravero,
1167 3232 1195 3295 si
1216 3255 1238 3296 a

101 3331 239 3419 principe
271 3331 523 3418 investigandae
555 3332 704 3396 veritatis
732 3329 829 3395 huius
857 3330 1087 3418 disputationis
1118 3335 1238 3419 princi-

102 3430 181 3514 pium
206 3435 340 3500 duxero.
385 3435 455 3499 Att.
478 3433 509 3516 2,
531 3434 584 3517 24,
607 3433 628 3498 5
655 3434 833 3519 respiraro,
864 3435 892 3496 si
920 3443 952 3496 10
979 3433 1103 3500 videro.
1141 3435 1172 3517 4,
1195 3435 1237 3499 46

101 3535 236 3616 perbelle
259 3537 394 3616 feceris,
424 3536 453 3598 si
481 3535 522 3600 ad
544 3558 604 3599 nos
628 3535 767 3600 veneris.
798 3533 840 3597 ad
864 3533 927 3614 Qu.
951 3535 1043 3619 1112,
1069 3536 1119 3618 14,
1145 3539 1172 3598 l.
1196 3573 1238 3584 -

102 3633 240 3702 Seitener
263 3639 322 3702 mit
350 3635 650 3720 voraufgchendem
678 3635 918 3722 Imperativ:
952 3635 1059 3700 Plaut.
1083 3636 1180 3701 Most.
1203 3639 1235 3718 5,

100 3735 129 3814 2,
149 3739 201 3803 62.
244 3740 313 3806 Cic.
337 3762 382 3804 or.
408 3741 448 3804 70
470 3739 605 3804 immuta
627 3736 787 3824 paullum:
815 3739 948 3823 perierit
970 3747 1123 3804 totores.
1146 3739 1237 3802 Per·

102 3837 238 3906 sectum
261 3841 297 3906 lo
306 3864 339 3927 g.
364 3851 443 3908 statt
467 3841 523 3907 des
546 3840 618 3906 Fut.
642 3840 693 3905 II:
718 3841 787 3905 610.
807 3839 901 3908 Verr.
928 3841 1029 3924 1,23,
1053 3841 1093 3904 61
1118 3841 1237 3905 vicisti.

180 3941 303 4008 Hieran
326 3943 477 4009 schliesst
499 3943 568 4008 sich
591 3942 650 4008 das
674 3945 775 4006 sehon
796 3941 851 4006 bei
874 3941 939 4005 den
956 3941 1141 4006 Komikern
1164 3943 1239 4006 sehr
1303 4013 1304 4018 .

100 4040 235 4109 bcliebte
270 4044 459 4110 absolate
496 4045 687 4110 Futurum
730 4055 919 4108 exactum
953 4042 997 4106 im
1035 4043 1239 4129 Hauptsatze

102 4143 198 4209 ohne
218 4145 370 4212 dasselbe
382 4145 525 4235 Tempus
547 4147 590 4210 im
607 4144 814 4210 Nebensatae
839 4144 971 4227 (Holtae
986 4144 1021 4209 ΙΙ
1037 4144 1071 4211 S.
1088 4145 1239 4228 86-88).

101 4242 334 4334 Urspriinglieh
358 4245 441 4314 wird
465 4270 552 4313 awar
581 4246 728 4313 dadurch
755 4246 948 4312 bezeichnet
970 4245 1057 4328 sein,
1087 4247 1162 4311 dass
1186 4245 1239 4311 die

101 4343 273 4437 Handlang
287 4349 335 4414 als
351 4351 385 4414 in
401 4349 460 4414 der
475 4349 629 4415 Zukunl't
644 4349 865 4429 vollendet,
889 4347 991 4412 daher
1005 4346 1054 4412 als
1069 4349 1238 4413 anawei-

101 4445 246 4516 felhaft
268 4451 482 4519 stattlindend
506 4475 548 4516 zu
571 4451 700 4516 denken
721 4451 776 4532 ist,
799 4449 887 4512 dann
909 4447 988 4514 aber
1010 4449 1142 4516 werden
1164 4471 1237 4516 vor-

148 4551 287 4610 Draoaer.
312 4555 373 4600 aaa
388 4555 478 4612 syntax
491 4555 513 4598 d.
528 4555 569 4602 lat.
584 4555 632 4608 spx.
980 4557 1011 4610 18
