3034 5142
552 362 786 428 -281-

115 525 176 588 gen
198 503 371 593 bedeuten,
394 511 467 576 sind
492 512 586 578 nieht
609 514 657 580 als
682 516 841 604 Optative
863 542 902 584 zu
926 520 1134 611 betraehten,
1157 527 1246 594 denn

115 611 162 675 dor
182 611 325 678 Wunseb
348 613 430 702 liegt
451 615 504 680 bei
528 617 627 682 ibnen
650 641 711 684 nur
733 621 767 686 iu
790 621 862 686 dern
879 623 1131 713 Verbalbegriff,
1154 631 1245 696 nieht

114 714 149 776 in
168 712 296 780 Medus:
320 717 390 782 Cic.
413 717 490 782 fam.
514 719 546 800 9,
572 720 611 784 19
634 721 793 808 quidquid
818 724 926 789 veniel
942 727 975 790 in
989 738 1142 815 mentem,
1163 734 1243 797 seri·

113 813 161 877 bus
182 817 278 882 eelim.
304 819 354 904 13,
379 820 419 884 75
442 819 540 885 velim
563 822 644 888 mibi
671 823 831 908 ignoscas.
860 829 972 913 parad.
995 831 1026 913 5,
1052 833 1068 894 1
1092 833 1244 918 quidest

112 916 184 980 enim
206 915 362 986 libertas?
385 932 529 1009 potestas
552 923 699 1008 vivendi,
723 936 759 991 ut
782 929 876 992 velie.
920 930 996 996 Liv.
1019 932 1050 1014 2,
1073 934 1113 999 37
1141 937 1242 1002 nimio

110 1016 294 1105 plusquam
323 1024 433 1090 velim.
479 1023 547 1092 Cio.
577 1026 662 1090 Phil.
696 1028 997 1113 1111811111.
1047 1037 1173 1119 Α11.7,
1203 1041 1241 1104 18

109 1125 183 1211 quod
205 1128 315 1194 nolim.
360 1127 988 1198 1111111011111111101010.1111-
1010 1136 1143 1203 Ausim:
1171 1141 1240 1206 Cic.
1320 1215 1324 1228 ,

109 1227 189 1295 Brut.
210 1229 240 1314 5,
274 1233 313 1298 18
342 1253 406 1298 nen
436 1230 634 1312 mehercule,
663 1233 786 1320 inquit,
814 1233 875 1298 tibi
903 1239 1128 1322 repromittere
1156 1242 1241 1308 istuc

107 1332 224 1416 quidem
246 1340 352 1402 ausim
376 1337 450 1421 (mit
479 1335 537 1400 der
565 1333 655 1400 nieht
684 1333 911 1401 handsehriftl.
935 1337 1108 1406 Variante:
1140 1364 1238 1410 ausus

106 1433 183 1520 sim).
225 1439 300 1505 L‘iv.
323 1444 353 1524 3,
376 1441 417 1506 23
439 1449 564 1506 eertum
587 1437 752 1504 affirmare
774 1459 840 1504 nen
862 1440 976 1504 ausim.
1001 1443 1031 1524 7,
1058 1442 1096 1507 13
1112 1442 1153 1508 de
1167 1445 1238 1530 glo·

104 1538 145 1602 ria
164 1541 221 1606 vix
242 1543 352 1612 dicere
375 1543 490 1610 ausim.
512 1541 564 1621 22,
587 1540 640 1620 36,
667 1541 677 1602 1
700 1548 735 1604 ut
750 1541 809 1605 vix
824 1542 1001 1628 quidquam
1017 1545 1096 1609 satis
1113 1555 1237 1611 eertum

102 1640 252 1711 affirmare
275 1669 375 1715 ausus
395 1649 456 1712 eim
484 1641 571 1726 (eod.
595 1641 749 1725 Putean,
782 1643 861 1708 aber
888 1666 1003 1729 wegen
1033 1646 1092 1710 der
1118 1647 1236 1712 beiden

84 1745 208 1812 'verber
235 1751 366 1818 eitirten
389 1748 512 1816 Stellen
540 1743 759 1828 verdttobtig).
813 1745 1067 1810 Zweit'elnde
1091 1749 1234 1835 Frage:

102 1847 160 1915 Cie.
184 1851 276 1918 Verr.
301 1854 347 1936 II,
373 1854 401 1932 1,
431 1851 523 1914 15111
547 1886 586 1896 -
609 1857 742 1933 repente
758 1846 932 1934 relinquas,
957 1848 1099 1931 deserar,
1121 1850 1163 1915 ad
1179 1853 1235 1917 ad·

102 1955 251 2020 versarier
274 1951 448 2020 transeas?
469 1951 499 2031 5,
526 1953 540 2013 1
566 1947 645 2036 quid
665 1969 773 2033 agam,
798 1949 947 2016 iudices?
971 1973 1034 2037 quo
1056 1955 1235 2019 accusatio·

100 2051 141 2120 nis
163 2077 251 2124 meae
272 2058 432 2125 rationem
455 2050 645 2118 conferam?
681 2073 743 2137 quo
773 2073 825 2116 me
852 2054 1001 2118 vertam?
1035 2078 1067 2140 p.
1092 2054 1190 2119 Areh.
1215 2059 1234 2122 8

100 2177 210 2221 nos-
231 2183 296 2226 nen
318 2169 487 2248 poetarum
509 2175 590 2220 voce
611 2153 824 2218 moveamur?
868 2153 966 2220 Catil.
991 2155 1021 2238 2,
1045 2156 1064 2220 8
1087 2159 1233 2242 tungris
1312 2208 1318 2220 .

99 2295 132 2306 —
152 2263 303 2347 copiosus
332 2263 377 2328 sis
405 2269 438 2326 et
460 2258 591 2324 dubites
615 2294 655 2304 -
678 2253 873 2322 detrahere?
905 2257 936 2339 4,
962 2264 976 2320 1
1007 2279 1064 2323 eur
1086 2279 1146 2343 ego
1168 2282 1233 2326 uon

99 2357 209 2429 laeter?
253 2364 338 2431 Phil.
362 2365 392 2436 6.
414 2363 435 2428 3
458 2361 534 2426 huie
556 2357 797 2422 denuntiationi
821 2355 875 2422 ille
891 2357 1027 2444 pareat?
1051 2359 1106 2425 ille
1124 2383 1159 2426 se
1174 2362 1231 2428 flu-

98 2463 144 2528 vio
165 2465 334 2532 Rubicone
358 2503 395 2514 -
420 2453 702 2548 eir'eumsoriptum
725 2481 795 2524 esse
825 2460 992 2545 patiatur?
1022 2462 1052 2544 7,
1074 2463 1095 2526 2
1117 2463 1231 2531 faveas

98 2573 126 2628 tu
146 2566 253 2634 hosti?
276 2569 318 2635 ad
342 2569 419 2634 lam.
446 2565 495 2646 14,
519 2565 550 2645 4,
573 2563 594 2626 2
616 2561 695 2649 quid
711 2583 798 2626 nune
812 2583 923 2646 rogem
940 2571 971 2627 te
986 2575 1023 2628 111
1038 2566 1151 2630 venias
1164 2569 1231 2632 -?

97 2666 160 2732 Non
180 2669 319 2757 rogem?
352 2670 429 2736 Sine
452 2677 484 2732 te
505 2665 605 2752 igitur
628 2662 716 2728 sim?
751 2665 822 2730 Att.
848 2666 875 2745 1,
902 2665 952 2748 17,
977 2667 1013 2730 11
1038 2669 1116 2753 quid
1140 2666 1230 2735 aliud

96 2770 223 2836 scribam
245 2773 289 2838 ad
311 2773 367 2838 te?
391 2771 441 2854 12,
464 2769 517 2849 40,
539 2769 560 2832 2
582 2790 623 2832 ue
646 2765 795 2832 doleam?
825 2767 890 2847 Qui
911 2770 1039 2852 potest?
1074 2769 1122 2834 Ne
1145 2771 1229 2837 iace·

95 2872 163 2950 arn?
185 2873 265 2955 Quis
287 2895 430 2962 unquam
453 2870 584 2936 minus?
607 2907 647 2916 —
670 2867 757 2933 Stutt
780 2867 886 2934 dieses
903 2869 1120 2956 Oonjunctivs
1142 2873 1230 2942 steht

95 2971 145 3036 der
165 2969 373 3044 Indieativ
402 2971 584 3060 (vielleicbt
611 2993 669 3058 pro
698 2971 824 3056 futuro)
856 2969 908 3035 bei
936 2971 1003 3036 oio.
1028 2972 1099 3038 Att.
1126 2973 1173 3054 16,
1196 2976 1227 3059 8,

93 3073 304 3145 2Romamne
332 3080 429 3145 venio
457 3097 499 3140 an
527 3074 580 3139 hie
607 3095 721 3138 maneo
751 3095 791 3136 an
823 3074 983 3160 Arpinum
1011 3113 1050 3120 -
1078 3075 1226 3160 fugiam?

95 3176 179 3258 (gebo
200 3179 252 3245 ieh
276 3179 360 3246 nach
376 3180 458 3245 Rom
482 3177 561 3243 oder
582 3174 691 3240 bleibe
713 3174 765 3240 ieh
788 3175 860 3239 bier
875 3173 954 3240 oder
976 3174 1053 3241 soll
1075 3177 1128 3241 ich
1144 3179 1226 3244 nach

92 3277 163 3364 Arp.
185 3281 302 3348 fliehen
310 3283 341 3368 7)
365 3281 451 3348 Seu.
475 3302 525 3365 ep.
550 3279 601 3360 95,
624 3278 666 3342 42
681 3299 781 3365 quare
797 3286 906 3343 autem
922 3301 986 3342 101
1001 3277 1129 3364 pondus
1145 3279 1226 3344 adii-

91 3378 134 3444 eio
155 3391 185 3448 et
207 3383 392 3472 aliquorum
415 3381 525 3468 gulam
547 3380 663 3446 irrito?
687 3389 825 3467 quatuor
842 3379 949 3467 pondo
965 3379 1054 3446 etad
1071 3379 1224 3446 selibram

91 3479 184 3548 luisse
205 3487 346 3552 aiebant.
393 3485 463 3549 Das
486 3483 617 3549 Perfeet
638 3484 789 3547 disrerlru:
816 3481 884 3548 Cic.
914 3505 945 3545 n.
974 3481 1006 3545 d.
1033 3485 1059 3564 1,
1083 3483 1121 3546 21
1146 3485 1223 3569 quid

91 3569 219 3668 nonsit,
241 3588 338 3654 eitius
362 3609 459 3674 quam
482 3585 560 3673 quid
583 3584 641 3668 sit,
670 3583 819 3648 dixerim.
851 3583 893 3646 de
922 3583 990 3648 feto
1012 3584 1033 3648 3
1055 3607 1136 3670 paee
1158 3607 1223 3648 ma-

90 3684 175 3765 gistri
198 3689 348 3758 dixerim.
371 3714 402 3777 p.
427 3688 496 3754 Mil.
519 3688 560 3753 38
583 3687 651 3752 und
674 3686 772 3752 Tuso.
795 3687 825 3766 5,
848 3685 868 3750 5
889 3707 969 3772 paee
993 3695 1048 3749 tua
1070 3685 1222 3751 dixerim.

91 3785 138 3851 off.
163 3788 191 3864 3.
219 3790 239 3854 6
272 3790 413 3857 forsitan
441 3790 602 3877 quispiam
632 3787 760 3852 dixerit.
806 3787 905 3852 Tuae.
928 3789 1002 3870 3,4
1032 3787 1221 3855 dixerimus.

90 3881 165 3971 legg.
186 3892 216 3974 3,
242 3893 256 3956 1
280 3891 480 3958 laudaveris
526 3890 610 3955 Dem
633 3889 871 3976 entspreehend
894 3889 952 3954 der
968 3890 1063 3976 Cenj.
1084 3889 1221 3974 perlecti

91 3987 182 4054 vieler
208 3991 321 4060 Verba
349 3995 407 4059 der
435 3993 597 4078 geistigen
627 3991 823 4077 Thtttigkeit
851 4015 925 4056 zum
954 3990 1132 4057 Ausdruek
1163 3991 1221 4056 der

90 4090 292 4170 gemilderten
315 4094 550 4182 Bebauptung:
575 4091 653 4159 Sall.
670 4093 744 4180 Jug.
771 4094 820 4174 17,
843 4093 864 4156 2
886 4093 928 4157 de
949 4093 990 4158 iis
1012 4092 1101 4158 haud
1123 4093 1221 4158 facile

90 4204 275 4279 compertum
297 4199 510 4264 narraverim.
554 4195 636 4260 Hor.
661 4206 720 4261 sat.
748 4198 776 4278 1,
799 4195 830 4280 5,
853 4197 895 4260 44
916 4197 1107 4262 contulerim.
1145 4195 1219 4262 Liv.

89 4290 154 4370 4,6
180 4297 340 4366 traversaria
366 4299 395 4382 7,
419 4297 462 4362 26
488 4295 576 4362 haud
605 4297 778 4363 abnrrerirn.
827 4296 913 4360 Vell.
947 4301 974 4380 l,
1001 4296 1220 4384 raraeque

90 4409 143 4474 ego
168 4392 226 4462 hoe
253 4400 357 4486 magis
386 4402 523 4464 ultratus
548 4401 609 4464 siro
631 4422 727 4486 quam
751 4407 808 4462 ott.
831 4398 920 4464 Curt.
944 4399 975 4480 5,
998 4399 1029 4483 5,
1052 4400 1072 4464 3
1094 4398 1217 4464 nullam

89 4490 230 4562 virtutem
251 4501 337 4586 regis
353 4499 448 4567 istius
465 4501 570 4587 magis
586 4522 683 4588 quam
699 4500 898 4567 celeritatem
911 4502 1117 4570 lorrduverim.
1142 4501 1217 4570 Sen.
