3142 5144
684 375 890 438 ..55-

215 546 328 612 Siculis
370 549 403 609 et
450 543 572 608 uiribus
609 542 764 607 Romanis
808 546 931 628 erepta:
980 543 1117 626 primum
1159 561 1236 608 suae
1272 539 1362 625 leges

216 650 271 732 (τε
294 669 367 710 sues
389 646 477 730 leges
500 644 700 728 amiserunt).
725 644 763 706 ad
788 644 856 708 Au.
880 645 910 728 6,
934 644 1001 727 2,7
1024 664 1088 706 non
1111 642 1218 708 destiti
1242 661 1361 726 rogare

216 752 248 812 et
276 751 383 831 petere
412 766 483 810 mea
510 766 620 827 causa,
649 743 781 809 suadere
809 748 841 810 et
850 743 984 818 ,hortari
1006 765 1072 808 sua.
1100 781 1134 790 -
1159 742 1240 806 Lir.
1265 744 1295 826 7,
1318 741 1363 806 29

217 847 437 932 Campani-
460 867 531 910 oum
562 845 675 910 robore
697 845 869 910 iuventutis
893 867 970 912 5555,
991 845 1095 910 aooiso
1117 843 1208 908 nulla
1229 843 1361 928 propin-

215 971 278 1034 qua
312 969 385 1033 spes
421 950 521 1030 esset,
555 946 657 1010 ooaoti
690 949 766 1010 sunt
796 947 836 1010 ab
850 945 1018 1014 ‚Romanis
1052 947 1161 1029 petere
1196 943 1361 1008 auxilium.

216 1051 268 1133 37,
303 1050 342 1114 12
380 1048 490 1114 multis
525 1045 687 1111 nobilibus
725 1047 841 1112 sooutis
879 1048 964 1111 inter
997 1049 1102 1110 eetera
1135 1045 1362 1109 auctoritatem

220 1150 426 1229 Pausistrati,
456 1169 537 1232 quae
559 1148 643 1212 inter
665 1167 738 1210 suos
761 1147 874 1212 merito
896 1148 1036 1212 maxima
1057 1148 1133 1211 erat.
1178 1167 1228 1229 cp.
1250 1144 1289 1208 41
1314 1144 1365 1209 515

220 1254 358 1316 armatas
395 1248 577 1334 quadrigas,
615 1249 689 1332 quia
720 1285 762 1296 -
794 1269 852 1332 per
893 1269 967 1312 suos
1003 1246 1147 1332 agendae
1182 1254 1289 1329 erant,
1327 1245 1364 1309 in

218 1353 321 1437 prima
350 1352 417 1416 acie
446 1350 607 1415 locaverat
635 1371 698 1412 rex.
721 1350 774 1436 38,
798 1349 819 1412 2
849 1370 920 1413 eum
948 1348 1070 1414 duobus
1097 1347 1239 1412 millibus
1262 1346 1363 1410 Athe-

218 1475 344 1536 naeum,
368 1452 450 1536 quod
473 1461 571 1515 unum
594 1471 612 1514 a
634 1449 792 1534 praesidio
814 1472 872 1514 suo
893 1453 1053 1514 retentum
1068 1449 1183 1531 fuerat,
1204 1446 1364 1531 pervenit.

221 1555 270 1637 39,
295 1553 337 1618 55
359 1553 442 1637 quod
465 1572 540 1615 vero
562 1549 658 1615 etium
681 1571 737 1614 sua
758 1549 954 1615 reddiderint
977 1549 1138 1635 (ecilin).
1165 1547 1250 1613 Seu.
1274 1549 1363 1612 brev.

219 1656 274 1719 vit.
307 1655 357 1737 16,
380 1653 400 1716 2
428 1656 463 1718 at
489 1651 568 1716 illud
594 1655 732 1736 tempus,
762 1651 846 1735 quod
877 1655 1002 1734 amant,
1031 1651 1125 1715 breve
1147 1652 1196 1714 est
1218 1651 1251 1713 et
1271 1670 1367 1733 prae-

220 1777 295 1840 5555
318 1755 505 1838 breviusque
527 1753 628 1817 multo
651 1752 688 1815 115
708 1773 765 1816 555
790 1753 824 1838 (1.
849 1775 875 1816 5.
899 1752 1088 1837 amantium)
1110 1751 1199 1815 ritio.

303 1857 338 1939 k)
361 1855 446 1938 6555
484 1854 528 1918 im
562 1853 761 1938 Gegeusatze
776 1913 781 1922 ,
799 1875 838 1917 zu
878 1853 1017 1937 5115555,
1056 1852 1206 1918 bedeutet
1238 1851 1368 1936 „eigerq

220 1956 446 2040 zukommend,
475 1954 627 2040 passend,
655 1951 820 2039 51555515.α
864 1953 992 2019 Plaut.
1022 1952 1108 2020 Men.
1137 1952 1218 2038 prol.
1251 1952 1289 2016 19
1317 1954 1368 2017 ita
1462 2017 1473 2027 ,

221 2061 324 2122 sonna
359 2056 456 2121 simili
486 2057 592 2140 pueri,
632 2055 680 2120 uti
713 2057 814 2120 mater
846 2076 904 2120 sua
937 2075 1002 2119 non
1035 2054 1213 2120 internosse
1243 2059 1367 2138 posset.

220 2158 310 2222 Triu.
334 2158 364 2241 2,
386 2157 416 2240 2,
439 2157 481 2222 34
509 2177 572 2220 555
598 2177 690 2222 suum
719 2156 891 2221 adimerem
921 2156 1023 2220 alteri.
1051 2193 1088 2204 -
1112 2155 1216 2221 (lato.
1248 2175 1272 2220 r.
1295 2177 1322 2220 r.
1345 2157 1367 2218 7

222 2262 256 2324 in
284 2258 395 2323 eodem
423 2256 523 2322 fundo
546 2277 638 2320 suum
659 2257 812 2342 quidquid
834 2257 958 2322 conseri
980 2259 1106 2341 oportet
1128 2255 1242 2341 (‚,alles
1264 2255 1368 2320 dahin

225 2359 430 2445 passende“).
465 2381 515 2442 op.
545 2357 587 2422 33
615 2357 763 2424 salictum
790 2381 847 2424 suo
874 2362 1019 2442 tempore
1046 2357 1180 2422 caedito.
1201 2357 1244 2422 48
1269 2379 1365 2421 suum

224 2459 375 2545 quidquid
404 2480 506 2544 genus
534 2455 689 2524 talearum
717 2459 823 2524 serito.
848 2497 885 2507 -
911 2458 994 2526 (lio.
1023 2459 1089 2523 inv.
1117 2459 1150 2543 2,
1171 2457 1213 2523 49
1235 2478 1369 2542 operam

223 2562 297 2626 dare
326 2564 361 2624 ut
388 2582 446 2626 sua
476 2559 526 2623 lex
548 2560 617 2643 ipso
640 2560 759 2644 scripto
781 2559 925 2624 rideatur
945 2561 1017 2624 niti.
1042 2559 1123 2625 Sest.
1146 2557 1187 2624 68
1209 2558 1293 2623 huno
1315 2559 1369 2625 sui

225 2661 309 2726 aives
342 2683 359 2725 e
392 2661 521 2726 civitate
556 2662 725 2726 eiecerunt.
759 2683 791 2726 n.
820 2661 850 2729 d.
880 2662 910 2744 3,
944 2661 981 2726 15
1013 2681 1094 2745 quae
1128 2681 1219 2724 suum
1253 2659 1369 2745 cuique

223 2761 395 2826 distribuit.
435 2761 489 2825 fin.
524 2763 555 2844 5,
590 2762 620 2845 9,
654 2762 696 2828 25
740 2783 797 2826 555
841 2762 992 2846 cuiusque
1039 2761 1209 2826 animantis
1249 2765 1370 2826 natura

225 2865 283 2927 est.
312 2865 342 2944 ξ.
365 2861 407 2926 26
430 2862 598 2926 seientiam
627 2865 734 2928 autem
763 2884 851 2928 suam
875 2862 1024 2946 cuiusque
1047 2861 1124 2926 artis
1147 2883 1224 2927 esse.
1269 2859 1368 2927 Rosr'.

224 2965 298 3028 Am.
330 2963 369 3028 18
391 2984 465 3027 suos
493 2963 577 3027 enim
606 2967 760 3048 agrost
729 2964 868 3030 studiose
891 2963 1052 3048 colebant,-
1078 2983 1144 3028 non
1168 2964 1291 3028 alienos
1312 2985 1377 3048 55-

226 3065 460 3149 petebant-
490 3063 585 3129 Sall.
608 3064 677 3130 055.
700 3066 742 3130 35
770 3065 835 3130 suis
857 3063 1003 3149 filiaeque
1027 3064 1135 3149 copiis.
1180 3063 1249 3149 lug.
1272 3065 1314 3131 54
1335 3069 1371 3130 et

223 3166 279 3250 qui
308 3187 365 3230 sua
391 3165 461 3229 looa
494 3169 549 3249 (=
578 3164 640 3229 sibi
672 3151 865 3252 opportuna)
900 3165 1069 3231 defendere
1102 3165 1302 3249 nequiverat,
1332 3168 1369 3231 in

224 3265 339 3330 alienis
369 3265 486 3330 bellum
514 3287 635 3352 gerere.
664 3267 703 3332 61
732 3289 834 3352 neque
860 3265 1060 3352 ‚Iugurtham
1083 3266 1147 3330 nisi
1175 3287 1213 3331 ex
1241 3267 1369 3333 insidiis

224 3371 282 3431 aut
312 3387 368 3431 suo
397 3366 468 3430 looo
495 3387 637 3452 pugnam
664 3366 844 3434 15551566
873 3367 1068 3434 communire
1090 3389 1163 3432 suos
1186 3367 1283 3433 locos.
1329 3369 1369 3434 ln

191 3515 199 3526 .
225 3468 345 3532 diesem
367 3466 465 3533 Sinna
488 3467 658 3553 allgemein
674 3467 914 3555 gebriiuohliolr:
936 3489 992 3534 sao
1007 3470 1080 3548 loco,
1103 3473 1244 3552 tompore,
1270 3492 1368 3554 nano,

223 3572 306 3634 'iura
333 3605 366 3616 —
393 3566 471 3632 Liv.
493 3569 546 3654 22,
570 3569 612 3635 39
638 3591 740 3655 neque
769 3570 927 3635 occasioni
949 3573 1023 3635 tuae
1046 3570 1130 3634 desis
1151 3591 1254 3654 neque
1278 3593 1369 3638 suam

225 3670 424 3735 occasionem
453 3667 539 3734 hosti
567 3669 633 3734 des.
656 3672 708 3754 23,
729 3672 769 3734 41
800 3675 950 3756 aestuque
973 3693 1030 3736 suo
1055 3671 1110 3754 (=
1132 3671 1287 3756 seeundo)
1309 3673 1370 3738 Lo-

228 3792 300 3834 oros
329 3770 464 3835 traiecit.
487 3771 518 3854 4,
542 3771 559 3834 7
590 3793 647 3836 sua
669 3775 816 3856 tempora
839 3775 1030 3858 exspectare.
1053 3771 1105 3855 42,
1127 3771 1169 3836 43
1191 3793 1248 3836 suo
1270 3775 1372 3838 maxi·

226 3893 277 3936 me
310 3876 452 3955 tempore
485 3875 518 3936 et
551 3871 656 3937 alieno
688 3873 843 3938 hostibus
877 3874 933 3951 33,
966 3873 1008 3938 26
1041 3895 1098 3936 suo
1131 3873 1260 3938 nomine
1291 3877 1374 3959 „auf

227 3972 341 4056 eigene
371 3971 502 4038 Faust.“
530 3975 560 4057 3,
590 3974 631 4040 62
665 3995 722 4038 suo
752 3974 918 4060 alienoque
946 3973 1049 4039 Marte
1077 3995 1230 4059 pugnare.
1282 3976 1368 4042 Seu.

228 4073 319 4138 olem.
351 4073 452 4157 1,26,
477 4077 493 4139 1
523 4075 695 4159 aliquando
722 4097 781 4140 sua
807 4075 967 4159 praesidia
994 4076 1027 4139 in
1055 4076 1141 4159 ipsos
1164 4097 1371 4143 consurrexe-

231 4175 318 4242 runt
341 4174 371 4253 2,
394 4177 424 4259 6,
446 4177 467 4239 2
488 4177 659 4260 tranquilla
681 4181 788 4242 mente
810 4186 843 4242 et
863 4177 952 4242 vultu
971 4197 1040 4242 suo.
1066 4217 1103 4226 -
1126 4175 1174 4241 lm
1190 4175 1370 4261 Spiitlatein

228 4272 307 4359 geht
337 4296 411 4340 man
439 4275 544 4341 hieria
573 4299 608 4342 so
636 4278 724 4362 weit,
754 4278 826 4342 (lasa
849 4277 899 4343 die
922 4277 1112 4363 Bedeutung
1135 4299 1197 4341 ron
1220 4300 1297 4345 suus
1320 4281 1369 4345 als

229 4375 410 4440 Pronomen
433 4376 489 4440 der
509 4377 628 4442 dritten
643 4377 765 4443 Person
787 4378 924 4464 ignorirt
945 4379 1035 4459 wirrl,
1058 4378 1142 4448 deun
1158 4375 1209 4444 die
1224 4380 1367 4468 dunsten

230 4497 330 4562 sagon
353 4497 439 4544 mous
459 4499 545 4544 saus.
570 4478 644 4564 Vgl.
669 4478 742 4564 Dig.
770 4481 822 4563 46,
846 4481 875 4564 2,
899 4481 941 4548 20
962 4481 989 4548 si
1012 4481 1061 4546 sui
1083 4480 1163 4546 iuris
1183 4501 1299 4546 sumus.
1346 4521 1354 4532 ·
