3068 5138
579 387 620 398 -
663 350 813 416 425-

121 523 185 588 que
207 524 340 568 monere
363 511 395 567 te
416 501 536 587 audeo,
558 503 737 589 praestanti
761 502 937 589 prudentia
958 503 1083 586 virum,
1113 527 1174 571 nec
1195 528 1271 570 oon·

120 602 252 666 firmare
278 604 416 669 maximi
437 604 539 670 animi
560 602 726 669 hominem
747 625 911 690 unumque
933 603 1157 671 fortissimum.
1202 606 1270 672 Da-

118 723 228 788 gegen
249 704 444 770 bezeichnet
465 705 525 770 der
539 703 674 770 Ablati'v
695 704 750 769 die
773 704 1064 790 voriibergehenda
1084 705 1272 795 Stimmung

118 806 169 869 in:
194 807 274 872 bono
296 808 404 873 aninso
426 827 488 872 cese
511 809 643 892 („gutas
665 805 796 871 Muthes
819 807 937 892 sein.“)

206 906 302 972 Caes.
312 908 345 977 b.
354 929 387 993 g.
400 908 430 991 3,
441 907 524 973 bvir
535 916 568 972 et
580 905 705 972 consilii
718 908 826 989 magni
840 917 873 972 et
884 906 1018 974 virtutis
1029 909 1088 992 (sc.
1104 911 1270 995 magnae).

117 1009 155 1088 3,
182 1007 223 1072 16
246 1008 350 1073 omnis
372 1009 542 1091 iuventus,
566 1029 678 1074 omnes
701 1008 797 1073 etiam
826 1009 986 1094 gravioris
1009 1010 1137 1074 aetatis.
1167 1011 1205 1091 5,
1228 1010 1270 1076 54

116 1131 203 1193 quae
227 1118 279 1174 est
294 1108 411 1175 civitas
432 1110 593 1198 imprimis
609 1109 704 1175 firma
719 1119 751 1174 et
772 1129 910 1196 magnae
932 1110 1017 1176 inter
1033 1109 1145 1176 Gallos
1161 1121 1269 1178 aueto-

116 1211 239 1275 ritatis.
284 1210 378 1276 Eheu
401 1233 438 1275 so
460 1213 519 1276 mit
542 1211 616 1276 dem
630 1209 779 1276 Verbum
800 1211 927 1278 haberi:
949 1213 980 1295 1,
1003 1212 1043 1277 ”ll
1065 1211 1119 1278 hic
1141 1236 1268 1280 summo

116 1311 149 1374 in
172 1311 337 1377 Arvernis
359 1321 450 1377 ortus
474 1311 544 1377 loco
567 1321 600 1377 at
622 1333 760 1398 magnae
782 1312 913 1378 habitus
937 1314 1153 1380 auctoritatis.

145 1501 158 1532 τ
205 1410 285 1478 Sall.
316 1413 393 1498 Jug.
424 1414 441 1476 1
471 1411 637 1479 imbecilla
661 1424 760 1502 atque
791 1414 867 1479 aevi
900 1414 1010 1480 brevis
1040 1413 1171 1499 (natura
1197 1417 1267 1482 scil.

116 1513 232 1598 ουσα).
1129 1559 1135 1568 -

202 1615 236 1680 3.
279 1615 355 1680 Liv.
380 1617 408 1699 1,
430 1614 473 1680 39
494 1614 623 1682 iuvenis
645 1616 753 1682 evasit
774 1637 851 1682 vare
872 1613 991 1680 indolis
1014 1617 1134 1702 regiae.
1171 1617 1202 1700 2,
1225 1617 1267 1684 23

114 1716 265 1804 Appius,
293 1716 496 1782 vehementis
523 1717 645 1801 ingenii
670 1718 731 1783 vir.
765 1719 804 1800 3,
826 1717 866 1781 51
896 1737 1015 1782 corona
1043 1739 1144 1783 aurea
1173 1721 1267 1805 parvi

113 1817 282 1905 ponderis.
313 1819 399 1900 6,11
423 1817 530 1882 famae
552 1839 690 1902 magnae
712 1839 792 1883 asse.
823 1817 852 1890 6,
865 1817 908 1882 22
923 1827 1055 1883 exactae
1070 1819 1134 1884 iam
1150 1821 1266 1886 aetatis

115 1919 279 1986 Camillus
307 1927 386 1985 erat.
424 1918 459 1999 6,
482 1919 524 1984 32
553 1941 728 2007 prosperae
756 1920 826 2005 spei
855 1939 974 2004 pugna.
1011 1919 1115 2002 38,4
1142 1920 1266 1986 consuli

113 2021 230 2108 magni
253 2022 362 2110 operis
385 2022 587 2108 oppugnatio
609 2021 680 2086 uisu
701 2028 762 2084 est.
799 2020 856 2100 44,
879 2019 936 2100 46,
962 2021 979 2084 1
1003 2042 1062 2106 per
1090 2020 1266 2088 facillimae

111 2121 288 2188 custodiae
310 2131 452 2209 pontem.
498 2122 658 2207 Dugegen
687 2121 731 2186 ist
753 2120 893 2185 Genetiv
921 2121 979 2185 der
1001 2121 1265 2208 Angehitrigkeit

112 2247 154 2290 au
178 2223 341 2289 statuiren
362 2222 396 2286 in
418 2221 597 2310 folgenden
618 2219 757 2288 Stellen:
780 2221 833 2303 36,
855 2221 897 2288 35
920 2221 970 2286 aui
993 2224 1136 2288 maxime
1158 2224 1264 2310 operis

112 2347 186 2390 esse
210 2324 349 2390 credens
373 2325 429 2410 (=
450 2347 545 2388 suum
568 2324 663 2409 esse.)
700 2321 843 2404 Andura,
867 2343 922 2387 um
944 2323 997 2388 die
1011 2323 1265 2412 Parteistellung

111 2451 152 2492 zu
175 2426 393 2492 bezeichnen:
430 2425 483 2505 42,
505 2425 596 2508 30,4
618 2446 692 2512 pars
715 2423 819 2489 altera
841 2424 951 2510 regiae
972 2424 1171 2492 adulationis
1195 2437 1265 2494 erat

111 2527 290 2614 (‚,geh6rte
312 2549 353 2592 nu
375 2525 439 2590 den
455 2525 697 2592 Schmeichlem
720 2525 777 2590 des
793 2524 970 2611 Ktinigs“.)
999 2526 1100 2593 Ibid.:
1124 2529 1263 2596 Perseus

112 2631 219 2716 magis
243 2650 342 2693 aurae
357 2625 522 2715 popularia
540 2636 618 2692 erat.
648 2626 741 2692 Noch
757 2625 937 2692 deutlicher
950 2627 986 2691 in
1006 2627 1129 2696 diesem
1146 2628 1261 2696 Sinna:

110 2732 169 2814 23,
197 2730 255 2813 14,
280 2730 298 2793 'l
321 2729 414 2816 plebs
436 2750 611 2808 novarum,
634 2737 670 2792 ut
693 2727 788 2809 solet,
815 2749 924 2793 rerum
945 2736 1044 2813 atque
1066 2729 1262 2796 Hannibalis

110 2841 181 2898 tote
203 2831 282 2896 fuit.
306 2865 346 2877 -
367 2828 628 2914 Ungewtthnlich
643 2829 686 2894 ist
706 2829 764 2894 der
778 2827 915 2895 Ablativ
936 2850 1083 2895 nummo:
1105 2830 1157 2912 24,
1173 2831 1260 2913 36,1
1394 2835 1397 2842 ’

110 2931 242 3020 duplici
255 2929 353 2997 facile
368 2953 501 2996 numero
517 2929 654 2996 classem
674 2929 869 2995 habentibus
885 2930 1041 2995 Romania
1059 2931 1263 3017 (verglichen

109 3034 190 3098 mit:
222 3032 336 3098 classis
359 3044 487 3097 centum
510 3032 670 3114 navium.)
714 3031 791 3097 Und
819 3039 899 3096 statt
927 3030 984 3096 des
1008 3031 1092 3096 Gen.
1115 3036 1262 3099 manaa

109 3136 172 3200 mit
194 3134 303 3200 einem
326 3133 404 3221 Adj.
436 3133 538 3216 („von
561 3132 814 3218 Wichtigkeit“)
843 3131 930 3197 steht
957 3132 1041 3198 auch
1071 3133 1129 3198 der
1150 3133 1260 3199 Nomi·

109 3235 223 3301 nativ:
246 3234 336 3318 21,4
358 3243 394 3298 ut
415 3242 509 3320 pater
529 3235 564 3298 in
587 3256 622 3299 se
644 3235 814 3299 minimum
835 3242 1033 3300 momentum
1049 3234 1092 3299 ed
1114 3234 1261 3299 favorem

109 3335 358 3404 conciliandum
386 3343 482 3404 esset.
518 3335 574 3416 28,
600 3335 638 3400 11
669 3355 823 3419 magnum
855 3335 889 3398 in
922 3336 1031 3401 omnia
1060 3345 1259 3402 momentum

111 3436 255 3526 Syphax
277 3445 356 3501 erat.
393 3437 447 3517 40,
470 3436 521 3519 21,
543 3436 574 3501 2.
597 3437 651 3520 42,
672 3436 725 3518 45,
748 3435 779 3502 8.

196 3538 229 3602 4.
280 3539 351 3603 Aua
384 3537 598 3625 Sptteren:
639 3535 726 3603 Suet.
751 3538 823 3604 Oct.
847 3537 888 3603 76
921 3537 987 3603 cibi
1021 3538 1148 3604 minimi
1179 3551 1260 3606 arat.

112 3639 225 3708 Galba
246 3639 288 3703 22
310 3639 376 3705 cibi
398 3637 529 3725 plurimi
545 3636 693 3703 traditur.
724 3637 813 3723 (ugr.
829 3639 912 3704 oben
928 3661 986 3705 aus
1003 3639 1143 3725 Cicem.)
1174 3641 1258 3707 Gall.

109 3744 139 3824 9,
155 3742 188 3826 2,
204 3741 226 3805 6
241 3741 405 3806 hominem
423 3778 461 3786 -
477 3738 559 3805 nulli
573 3739 632 3807 rei.
661 3740 691 3822 6,
710 3741 749 3805 15
764 3738 859 3805 homo
874 3738 967 3806 multi
981 3740 1091 3805 studii.
1120 3743 1259 3828 Capitol.

108 3843 189 3911 Ver.
220 3842 243 3906 4
270 3842 376 3907 somni
403 3841 467 3906 fuit
498 3840 694 3928 permodici,
729 3839 922 3926 digestionis
954 3840 1140 3908 facillimae.
1175 3842 1258 3932 Vop.

108 3943 210 4010 Proh.
242 3941 282 4006 12
317 3943 500 4027 Statianus,
538 3943 594 4028 qni
631 3943 756 4028 primae
789 3942 971 4008 sententiae
1006 3953 1076 4008 erat
1111 3943 1196 4028 (soil.
1224 3945 1258 4010 in

108 4045 252 4128 senatu).

196 4144 227 4210 5.
273 4143 401 4210 Hdchst
433 4143 683 4232 ungewdhnlich
715 4145 782 4210 und
816 4144 979 4211 durchaua
1007 4145 1257 4212 nachklassisch

108 4249 154 4313 ist
177 4246 238 4311 der
260 4246 344 4312 Gen.
367 4245 532 4331 qualitatis
554 4246 654 4312 ohne
675 4248 882 4314 Attribut:
915 4245 1013 4333 Apul.
1037 4246 1122 4335 apol.
1145 4269 1194 4336 cp.
1216 4249 1257 4314 15

109 4348 209 4414 homo
237 4348 345 4414 iustus
373 4358 405 4412 et
432 4369 568 4414 morum.
605 4347 789 4435 Symmaeh.
816 4350 832 4412 1
840 4394 849 4430 ,
873 4347 914 4412 12
941 4347 1037 4414 homo
1064 4349 1256 4416 litterarum.

111 4448 187 4514 Nur
215 4447 390 4514 scheinbar
415 4447 643 4514 abweichend:
681 4449 796 4515 Lucan
818 4449 852 4532 6,
874 4449 935 4514 301
965 4449 1045 4515 felix
1075 4474 1113 4518 ac
1141 4449 1256 4537 libera,
