3034 5142
579 390 812 455 -295-

125 547 150 610 is
171 545 264 612 homo
287 553 338 610 est
354 581 394 594 —-
410 554 445 610 ut
467 543 530 611 hoc
552 545 642 610 credi
665 545 779 632 possit,
804 545 1017 612 cembellum
1035 545 1261 633 populoRom.

125 647 225 712 lacere
254 647 420 712 voluisse?
457 657 507 728 ut,
538 645 629 712 cuius
658 657 754 734 pater
781 685 822 695 -
851 647 1010 733 singulari
1039 650 1202 714 exstiterit
1230 650 1263 713 in

124 771 220 837 remp.
242 761 390 816 nostram
413 747 522 813 officio
545 757 577 814 et
599 747 675 830 lide,
699 750 725 813 is
742 749 806 815 sibi
828 749 990 816 nefarium
1014 749 1135 816 bellum
1150 759 1264 816 contra

124 853 255 936 patriam
276 850 522 938 suscipiendum
531 851 688 934 periuret?
711 851 767 936 (st.
791 853 925 938 putarit,
948 874 1062 938 wegen
1084 851 1192 918 facere
1206 876 1262 918 vo·

122 951 257 1037 luisse)).
295 951 563 1018 Anakoluthisch
591 951 680 1018 steht
708 955 760 1018 ein
790 951 984 1039 Folgesatz‚
1016 977 1067 1021 wo
1089 955 1142 1019 ein
1164 975 1264 1019 neuen

123 1053 299 1141 Hauptsetz
323 1053 433 1141 folgen
461 1053 569 1120 sollte:
608 1053 706 1118 Tusc.
730 1055 760 1136 2,
783 1055 812 1136 2,
835 1057 975 1142 datque
1005 1066 1170 1122 oratorum
1193 1058 1261 1144 qui·

122 1155 191 1222 dem
212 1154 284 1222 laus
307 1157 355 1222 ita
378 1154 477 1222 ducta
499 1156 541 1220 ab
563 1154 678 1220 humili
701 1155 792 1221 venit
814 1156 857 1221 ad
880 1179 1051 1240 summum,
1075 1171 1111 1226 ut
1133 1161 1200 1224 iam
1222 1196 1263 1208 -—

123 1268 267 1324 senescat
298 1257 457 1345 brevique
489 1267 636 1343 tempore
669 1256 712 1322 ad
751 1255 889 1322 nihilum
924 1269 1063 1324 ventura
1100 1260 1262 1341 videatur,

122 1359 322 1447 philosophia
344 1365 495 1426 nuscetur
516 1359 802 1454 Latinianuidern
830 1358 949 1426 litteris
972 1399 1013 1408 -
1040 1383 1175 1449 eamque
1205 1387 1262 1426 nos

120 1462 307 1528 adiuvemus
330 1471 387 1527 ctt.
411 1461 494 1527 Hier
516 1471 604 1525 ware
624 1459 804 1546 allerdings
826 1459 886 1527 das
911 1483 974 1528 von
991 1461 1130 1550 Bentley
1147 1485 1261 1548 vorge-

120 1563 287 1651 schlagene
301 1565 445 1631 00001ον
460 1561 651 1648 regelrecht,
674 1562 753 1628 aber
776 1563 829 1628 die
851 1563 1037 1630 Attraction
1060 1563 1118 1629 dos
1143 1564 1262 1629 Modus

120 1666 162 1730 ist
183 1665 328 1732 deutlich
352 1688 393 1730 zu
418 1664 597 1730 erkennen.

199 1789 231 1852 g.
255 1766 524 1832 Causalsatze
551 1767 611 1832 mit
633 1768 784 1849 qnoniam
807 1766 874 1831 und
897 1769 995 1850 estod:
1031 1766 1129 1832 Tusc.
1155 1769 1183 1849 1,
1208 1768 1261 1852 21,

120 1870 158 1933 18
181 1891 285 1955 equo
308 1867 449 1954 intelligi
471 1877 595 1956 potest,
619 1889 715 1954 quarn
742 1869 831 1933 acuti
858 1879 975 1933 natura
1002 1870 1085 1954 sint,
1108 1869 1262 1955 quoniam

119 1969 195 2035 haec
217 1970 286 2036 sine
310 1969 459 2036 doctrina
480 1969 637 2036 credituri
661 1971 782 2035 luerint
806 1971 871 2055 (wo
888 1971 967 2035 aber
981 1972 1064 2036 auch
1081 1971 1140 2036 der
1156 1971 1261 2037 Indic.

124 2071 251 2138 fuerunt
280 2071 474 2138 hndschrltl.
503 2073 571 2155 ist).
602 2075 630 2155 1,
661 2072 710 2152 19,
733 2071 776 2135 44
807 2072 894 2159 quod
918 2073 957 2140 iis
980 2073 1178 2138 aemulemur
1206 2083 1264 2138 ott.

120 2173 193 2239 fam.
213 2175 244 2258 4,
269 2176 300 2256 7,
326 2177 342 2238 l
371 2196 438 2239 non
465 2173 543 2261 quin
565 2172 608 2238 ab
636 2195 674 2238 eo
697 2175 767 2260 ipse
796 2173 1004 2257 dissentiam,
1034 2175 1091 2240 sed
1114 2173 1201 2260 quod
1224 2196 1261 2238 ea

121 2286 150 2340 to
172 2278 331 2364 sapientia
352 2298 424 2342 csse
446 2274 597 2342 iudicem.
620 2285 702 2342 orat.
733 2277 763 2357 7,
786 2277 827 2342 23
859 2276 912 2342 vol
940 2287 977 2341 ut
1003 2277 1152 2343 hortarer
1179 2275 1261 2342 alios

120 2377 169 2442 vel
189 2377 278 2464 quod
300 2399 445 2443 amarem
468 2399 566 2443 meos.

202 2481 231 2545 h.
255 2479 349 2545 Nach
371 2482 435 2546 sico
457 2479 524 2545 und
546 2481 591 2544 sl:
628 2478 726 2546 Tusc.
755 2481 786 2561 3,
810 2481 841 2562 6,
868 2481 906 2546 12
933 2503 974 2546 ne
1005 2489 1160 2568 aegrotus
1183 2482 1260 2564 sim3

120 2583 169 2645 ain
190 2581 268 2669 quid
290 2581 399 2664 fuerit,
423 2604 538 2648 sensus
560 2580 664 2663 adsit,
688 2583 759 2648 sive
781 2593 909 2647 secetur
937 2583 1016 2670 quid
1046 2585 1117 2649 sive
1140 2582 1262 2649 avella-

121 2693 171 2748 tur
192 2707 212 2749 0
232 2705 380 2772 corpore.
415 2683 485 2748 Der
507 2682 779 2749 anakoluthische
795 2683 1082 2770 Bedingungssatz
1105 2685 1139 2748 in
1161 2686 1192 2764 5,
1212 2687 1259 2765 11,

119 2785 158 2850 33
179 2786 235 2850 sed
258 2788 286 2851 si
307 2788 355 2850 ita
376 2791 466 2868 esset,
497 2795 566 2850 tum
591 2795 626 2850 ut
655 2795 710 2851 ett.
735 2783 829 2850 sollte
852 2785 1035 2870 regolrecht
1057 2807 1092 2850 so
1115 2786 1262 2870 gebildet

122 2888 198 2953 sein:
220 2886 290 2968 scd,
313 2889 342 2952 si
364 2909 479 2952 verum
499 2889 555 2965 sil,
579 2896 649 2950 tum
670 2889 854 2953 necessario
882 2887 952 2951 lieri
983 2887 1055 2952 dico
1078 2897 1115 2953 ut
1136 2886 1196 2953 hoc
1221 2925 1258 2936 —

121 2999 223 3072 ponet.
267 2989 344 3074 Vgl.
368 2989 513 3054 Petere
535 2989 571 3052 in
594 2987 668 3053 dem
691 2988 773 3053 ohen
796 2999 981 3072 genanntcn
1004 2979 1119 3072 Progr.
1151 2987 1184 3053 S.
1212 2991 1259 3056 12.

200 3091 270 3156 Ans
291 3090 379 3156 allon
402 3090 515 3156 diesen
530 3088 665 3173 Stellen,
689 3091 742 3156 die
757 3091 834 3155 sehr
855 3088 1036 3156 vereinzelt
1058 3088 1259 3171 erscheinen,

121 3191 204 3256 kann
226 3193 305 3259 aber
329 3191 490 3258 durchaus
512 3191 611 3256 keine
632 3191 825 3278 allgemeine
848 3191 951 3278 Regel
982 3189 1159 3278 abgeleltet
1182 3213 1259 3256 wer·

122 3292 189 3376 den,
210 3317 273 3359 nur
294 3294 350 3360 die
378 3305 474 3360 unter
502 3293 561 3358 Nr.
593 3297 606 3357 1
638 3293 855 3380 angefiihrten
883 3294 1102 3380 11το3001100,
1137 3293 1260 3359 welche

123 3416 182 3462 von
204 3397 323 3462 Sittacn
357 3394 416 3462 der
450 3394 588 3461 irrealen
621 3394 819 3487 Bedingung
848 3396 1037 3480 abhengen,
1076 3395 1151 3461 sind
1178 3405 1259 3461 stets

123 3495 188 3562 dem
215 3496 430 3584 regicrenden
458 3497 556 3563 Setae
582 3496 753 3583 homogen.
802 3497 841 3562 In
871 3497 935 3562 den
962 3497 1102 3582 ubrigen
1132 3497 1259 3564 Ncben·

124 3607 225 3666 011000
247 3599 359 3666 finden
381 3597 451 3666 sich
480 3596 664 3663 zahlrelehe
685 3598 973 3684 Abweichungen,
1003 3601 1064 3664 wie
1086 3598 1200 3664 Petere
1223 3598 1256 3664 S.

126 3700 240 3768 13-15
261 3702 512 3788 nachgewiesen
533 3702 600 3766 hat.

198 3805 323 3886 §.152
369 3802 528 3870 Einzelne
556 3801 890 3888 Abweichungen
926 3825 1004 3868 von
1039 3802 1108 3867 der
1134 3802 1258 3888 regel-

124 3907 314 3992 messigen
345 3903 649 3992 Tempusl'olg'e,
685 3905 738 3970 die
766 3905 850 3969 noch
885 3928 926 3969 zu
961 3904 1136 3970 erwt'thnen
1172 3905 1257 3989 sind,

123 4001 224 4073 lasscn
247 4007 317 4073 sich
340 4009 455 4074 immor
477 4007 536 4071 auf
555 4005 700 4092 logische
723 4005 860 4072 Griindc
883 4005 1138 4073 zuriiclslt'rhren.

199 4113 225 4175 l.
270 4109 342 4176 Aut
362 4111 415 4174 cin
437 4109 636 4174 Praesens
666 4107 751 4193 folgt
779 4107 837 4172 der
866 4109 1066 4195 Conjunctiv
1095 4108 1154 4171 des
1183 4107 1258 4172 Im·

124 4211 311 4294 perlecta,
345 4212 486 4278 seltener
519 4213 576 4277 des
604 4211 1026 4296 Plusquamperfects:
1065 4209 1132 4275 Cic.
1162 4209 1256 4274 Rosc.

124 4311 189 4379 Am.
210 4313 250 4378 33
272 4313 369 4382 video
391 4314 492 4398 igitur
514 4334 630 4377 causas
653 4333 726 4377 esse
748 4309 947 4398 permultas,
971 4331 1054 4394 quae
1075 4311 1175 4375 istum
1198 4310 1258 4375 im-

125 4409 280 4496 pellerent.
309 4415 391 4480 Hier
413 4416 458 4480 ist
478 4415 670 4500 inmolloronl
691 4412 884 4480 Potentialis
908 4413 965 4478 der
987 4411 1258 4498 Vorgangenheit

127 4512 325 4597 (‚‚antreihen
347 4516 508 4600 mochten‚
531 4517 729 4600 konnten“),
752 4513 844 4580 nicht
866 4513 1013 4580 dcdurch
1036 4537 1078 4579 zu
1092 4512 1256 4597 erklttren,
