3050 5146
511 323 788 446 '-1m-

128 499 178 562 mit
195 497 300 564 Duker
322 499 383 564 das
404 505 440 564 ut
461 523 502 564 zu
525 498 686 564 streiehen
710 500 790 563 sein.
828 498 922 563 Eben
946 520 981 562 so
1004 499 1083 564 Tac.
1105 521 1179 562 ann.
1201 500 1250 583 13,

127 601 160 664 57
181 622 274 686 noque
295 602 445 687 extingui
468 610 629 687 poterant,
652 623 715 665 non
739 602 767 666 si
790 600 910 664 imbres
939 599 1108 680 caderent,
1137 622 1201 665 nou
1224 602 1251 664 si

126 700 294 766 fluvialibus
316 704 409 789 aquis
431 712 489 767 aut
511 725 574 789 quo
599 702 662 766 alio
689 702 834 766 humore.
879 700 961 766 Hier
988 701 1031 766 ist
1053 701 1114 765 das
1136 703 1251 766 zweite

124 803 149 865 si
171 826 207 866 zu
233 803 348 888 tilgen,
378 803 527 888 obgleich
556 826 590 868 es
620 805 665 868 im
686 803 854 868 Medieeus
882 802 978 867 steht.
1004 841 1040 850 -
1066 803 1158 868 Weit
1178 824 1250 866 ver-

124 903 306 968 sttndlicher
334 907 377 969 ist
404 905 458 969 die
487 904 613 992 Ellipse
640 906 692 972 bei
715 905 826 991 Nepos
853 905 884 987 4,
912 905 944 987 ὁ,
967 905 988 968 5
1015 905 1106 969 ouius
1133 905 1251 970 mortui

124 1026 226 1091 corpus
246 1028 318 1070 cum
343 1006 455 1070 eodem
478 1006 624 1072 nonnulli
648 1007 792 1072 dicerent
814 997 927 1071 inferri
950 1016 1115 1092 oportere,
1142 1028 1206 1092 quo
1229 1006 1252 1070 ii

123 1106 335 1194 (inferrentur)
359 1107 415 1195 qui
438 1107 481 1172 ad
503 1107 699 1194 supplicium
722 1117 831 1174 essent
853 1106 933 1191 dati,
962 1107 1130 1194 displicuit
1151 1106 1251 1194 pluri*-

124 1206 184 1272 bus.
226 1209 334 1274 Selten
357 1211 402 1274 ist
423 1209 476 1274 die
499 1209 623 1296 Ellipse
646 1233 686 1274 an
710 1221 840 1277 erster
863 1208 974 1291 Stelle,
997 1210 1059 1274 wie
1074 1209 1166 1274 Suet.
1190 1211 1252 1274 Tit.

122 1309 138 1370 9
157 1309 283 1374 fratrem
309 1347 344 1358 -
375 1333 435 1376 nec
465 1311 613 1377 occidere
634 1333 740 1398 neque
770 1333 926 1397 seponere
948 1333 987 1376 ac
1010 1333 1049 1375 nc
1072 1312 1105 1375 in
1127 1312 1253 1375 minore

121 1411 238 1495 quidem
261 1411 382 1477 honore
405 1413 526 1478 habere
549 1413 714 1494 sustinuit,
737 1411 807 1496 sed,
831 1423 867 1477 ut
890 1411 1027 1499 aprimo
1047 1413 1172 1499 imperii
1188 1411 1252 1494 die,

120 1521 288 1578 consortem
312 1503 595 1601 successoremque
618 1502 728 1580 testari
750 1513 985 1600 perseveravit.

194 1614 274 1680 Sehr
285 1615 409 1682 beliebt
419 1615 827 1702 istdieErgllnzungeines
840 1615 906 1680 Inf
908 1617 918 1678 i
927 1615 1251 1700 nitivus(gewllhn-

119 1713 174 1778 liuh
187 1717 226 1781 im
235 1717 407 1803 Praesens)
419 1741 489 1783 aus
501 1719 628 1784 einem
641 1718 919 1804 Hauptmodus
931 1717 995 1783 und
1010 1740 1097 1782 zwer
1113 1716 1253 1782 seltener
1296 1787 1298 1790 ,

193 1842 223 1882 α.
245 1820 299 1884 bei
322 1819 615 1886 coordinirtem
638 1820 929 1886 Satzverhaltniss:
953 1821 1021 1888 Cic.
1038 1843 1069 1905 p.
1085 1820 1194 1884 Plano.
1212 1821 1253 1884 25

119 1939 169 1981 cur
188 1919 248 1984 iste
270 1920 307 1986 lit
328 1919 465 1986 consul?
493 1921 571 2007 quid
604 1923 711 2006 potuit
732 1922 872 2008 amplius
897 1920 1016 2002 (lieri)‘?
1051 1920 1136 1988 Phil.
1158 1922 1187 2002 2,
1211 1921 1253 1983 29

118 2041 154 2082 an
174 2022 241 2086 sine
264 2021 393 2112 meille
414 2023 517 2087 vicit?
561 2029 603 2087 At
632 2046 673 2088 ne
700 2024 807 2111 potuit
828 2023 957 2111 quidem
981 2022 1154 2107 (vincere).
1184 2022 1251 2086 diu.

117 2121 143 2204 2,
164 2121 203 2186 24
225 2123 304 2209 quid
333 2145 394 2210 ego
422 2125 630 2212 haruspicum
656 2146 814 2211 responsa
837 2145 1080 2190 commemorem
1104 2123 1252 2208 (possum

118 2223 257 2308 equidem
287 2225 563 2311 innumerabilia).
608 2226 706 2292 Tusc.
734 2227 763 2308 3,
793 2229 824 2308 4,
852 2227 870 2292 7
899 2247 983 2314 quae
1010 2226 1128 2292 Graeci
1158 2223 1251 2308 πάθη

117 2324 289 2410 appellant3
319 2349 381 2412 ego
408 2339 555 2414 poteram
577 2328 717 2393 morbos.
742 2351 793 2415 ep.
820 2328 862 2392 ad
886 2328 978 2394 Brut.
1004 2329 1033 2410 1,
1055 2329 1076 2392 3
1099 2325 1181 2390 nihil
1203 2336 1254 2390 est

116 2423 145 2488 iu
166 2449 215 2491 mo
236 2429 351 2509 inane,
381 2450 486 2515 neque
509 2431 595 2494 enim
618 2427 717 2494 debet
745 2430 860 2515 (esso).
903 2430 1001 2494 Tusc.
1027 2430 1055 2510 l,
1081 2429 1119 2492 16
1142 2429 1253 2514 itaque

116 2528 204 2592 credo
226 2529 379 2616 equidem
402 2532 500 2596 etiam
523 2530 603 2596 elios
629 2540 679 2596 tot
707 2530 826 2598 seculis
856 2531 1031 2616 (dixisse),
1060 2529 1135 2612 scd,
1163 2529 1250 2616 quod

116 2627 223 2694 litteris
247 2641 357 2696 exstet
378 2627 554 2718 proditum,
579 2632 784 2719 Pherecydes
801 2632 916 2719 Syrius
938 2633 1062 2719 primus
1086 2631 1172 2696 dixit
1193 2640 1251 2695 ott.

115 2728 187 2794 Tac.
209 2755 284 2797 ann.
311 2733 361 2815 15,
385 2735 422 2798 11
446 2735 536 2799 exuti
560 2734 677 2798 dehine
699 2735 868 2799 tribunatu
892 2773 930 2780 —
955 2733 1049 2818 quasi
1073 2734 1252 2819 principem

116 2853 173 2896 non
187 2834 493 2920 quidem'odissent,
510 2837 569 2901 sed
584 2847 692 2902 tamen
705 2837 975 2901 existimarentur
990 2834 1136 2920 (odisse).
1160 2833 1252 2898 Lact.

118 2934 141 3013 1,
162 2933 191 3018 9,
213 2937 234 3000 4
256 2958 342 3023 quae
363 2935 419 3000 ille
441 2959 502 3002 neo
524 2937 604 3003 fecit
625 2961 767 3025 unquam
790 2959 850 3002 nec
872 2937 978 3024 potuit
1001 2935 1148 3021 (lacere).
1189 2936 1252 3000 Mit

115 3035 308 3123 Ergtnzung
331 3038 387 3102 des
410 3039 545 3104 Passivs
566 3061 624 3104 ouis
655 3040 728 3104 dem
751 3039 867 3104 Activ:
897 3040 928 3120 3,
951 3038 982 3120 4,
1006 3039 1026 3102 3
1049 3037 1082 3101 iu
1104 3057 1170 3124 qua
1193 3036 1252 3119 (sc.

115 3139 208 3221 secta)
224 3135 376 3226 ponimus
391 3141 589 3206 veritatem?
611 3142 646 3205 iu
661 3141 811 3206 omnibus
828 3150 915 3225 certe
937 3161 998 3204 non
1016 3147 1122 3228 potest
1138 3139 1252 3234 (pepi).

115 3237 173 3306 hlit
200 3240 420 3326 awcimaliger
442 3241 583 3329 Ellipse:
607 3243 678 3306 Oic.
701 3242 784 3306 Phil.
812 3242 843 3324 6,
866 3243 898 3323 5,
924 3243 962 3306 13
991 3262 1086 3328 quem
1109 3261 1252 3326 unquam

115 3340 171 3406 iste
197 3342 278 3407 ordo
308 3353 481 3429 patronum
508 3341 702 3430 adoptavit?
740 3343 776 3408 Si
809 3365 1020 3430 quemquam,
1049 3342 1165 3407 debuit
1190 3364 1251 3405 me.

116 3441 177 3506 Zur
198 3444 451 3530 Erleiohterung
473 3445 531 3510 des
553 3445 826 3510 Verstltndnisscs
850 3445 933 3510 wird
956 3442 1115 3508 unweilen
1149 3443 1253 3507 durch

115 3545 181 3608 ilem
210 3547 270 3610 aul
300 3547 360 3610 das
394 3547 660 3632 voraulgehende
689 3547 845 3611 Predicat
878 3545 1184 3631 zurtickgewiescn:
1220 3567 1252 3630 p.

114 3643 224 3712 Flacco
250 3649 272 3711 ὁ
300 3649 394 3713 timet
422 3687 463 3698 -
491 3671 569 3712 num
599 3648 670 3714 illos
693 3649 770 3712 item
800 3648 943 3733 (timere)
978 3647 1126 3734 putatis?
1159 3645 1251 3710 Noeh

115 3743 292 3814 deutlicher
313 3751 417 3815 durch
439 3751 529 3816 cralo
551 3753 640 3816 item:
663 3751 718 3814 fin.
741 3751 772 3831 2,
795 3749 827 3831 5,
853 3750 892 3812 lli
914 3751 947 3814 in
971 3771 1034 3835 quo
1057 3771 1141 3813 nuno
1165 3747 1253 3834 equi-

115 3846 182 3914 dem
204 3873 293 3936 sum,
321 3853 417 3917 credo
448 3853 525 3918 item
555 3873 612 3917 vos
641 3852 750 3936 (csse).
795 3849 885 3914 Lael.
907 3851 939 3932 2,
963 3851 980 3915 l
1004 3852 1114 3936 itaque
1137 3871 1180 3912 cx
1201 3873 1254 3914 me

115 3965 285 4035 quaerunt,
316 3953 413 4019 credo
443 3977 484 4020 ex
513 3955 573 4019 hoc
603 3953 681 4018 item
705 3953 863 4018 Scaevola
885 3957 1057 4037 (quaerere
1079 3951 1252 4034 homines).

115 4051 200 4117 Beim
224 4055 440 4122 historischen
462 4055 623 4120 Infinitiv:
649 4053 726 4120 Sall.
743 4055 815 4121 Cat.
832 4053 871 4116 21
895 4053 966 4138 ipse
987 4075 1061 4117 oum
1084 4052 1147 4116 telo
1170 4073 1253 4136 esse,

114 4152 185 4218 item
208 4158 289 4224 alios
312 4159 425 4224 iubere
447 4171 508 4242 lsc.
531 4179 604 4222 cum
627 4154 691 4222 telo
713 4157 810 4239 esse).

193 4261 225 4342 β.
255 4259 506 4326 Gewlihnlicher
534 4260 588 4325 bei
616 4257 932 4323 subordinirtem
963 4253 1252 4322 Satzvcrht'dtniss.

115 4359 221 4425 Selten
243 4361 345 4428 findet
367 4361 435 4426 sich
459 4361 545 4427 donn
568 4361 623 4426 die
639 4357 930 4444 Infinitiv-Ellipse
945 4359 989 4422 im
1005 4357 1253 4443 Hauptsatze:

116 4460 180 4528 llic.
203 4463 280 4528 fam.
306 4467 338 4528 ll
346 4514 355 4548 ,
378 4465 429 4546 21,
452 4465 472 4528 3
495 4464 582 4552 quod
605 4472 713 4527 autom
736 4461 863 4543 scribis,
885 4471 929 4542 tc,
953 4461 1038 4547 quod
1061 4481 1119 4546 pro
1135 4466 1168 4522 te
1184 4460 1253 4545 ipso

979 4565 1023 4618 14·
