3050 5146
564 341 792 406 -231-

118 493 183 559 lam.
206 495 252 576 14,
278 497 307 579 1,
333 498 348 559 l
382 496 460 581 quid
483 515 600 560 causae
629 505 738 560 eutem
765 496 881 580 fuerit,
910 496 1068 582 postridie
1095 495 1243 561 intellexi

117 619 198 682 qnam
229 619 249 661 a
282 597 380 663 vobis
416 599 564 664 discessi.
608 599 679 662 Att.
710 598 760 681 12,
783 599 835 680 23,
861 599 882 662 2
909 599 1027 685 quibus
1056 597 1242 663 consulibus

116 699 285 763 Carneades
309 709 342 764 et
364 721 403 764 ea
425 698 547 785 legatio
564 699 702 766 Romam
724 701 862 781 venerit,
887 699 1043 786 scriptum
1067 710 1116 765 est
1137 702 1172 765 in
1187 709 1242 765 tuo
1324 751 1329 764 .

114 799 216 868 annali.
239 800 376 883 5‚10‚4
398 823 457 866 nec
478 800 609 867 hercule
631 824 784 889 umquam
807 811 875 866 tam
900 802 957 867 diu
978 803 1113 887 ignarus
1136 823 1243 865 rerum

113 923 241 966 mearum
270 901 333 967 lui:
363 903 441 990 quid
470 902 511 968 de
534 903 701 984 Caesaris,
724 903 804 988 quid
834 903 874 968 de
897 904 1030 970 Milonis
1057 903 1242 970 nominibus

114 1012 207 1066 actum
234 1005 288 1070 sit.
324 1003 409 1073 Phil.
438 1006 488 1086 10,
510 1005 542 1086 4,
566 1005 586 1068 9
609 1007 664 1070 sed
694 1026 757 1091 quo
785 1005 922 1072 consilio
950 1006 1117 1088 redierim,
1146 1004 1240 1070 initio

112 1104 253 1185 audistis,
283 1115 357 1191 post
385 1107 463 1172 estis
495 1109 632 1192 experti.
662 1144 703 1154 -
731 1106 829 1171 Denn
857 1106 940 1172 auch
970 1107 1175 1174 Praesentia:
1208 1108 1243 1171 in

112 1203 209 1270 Vatin.
231 1208 264 1287 4,
289 1207 329 1272 10
351 1208 391 1272 de
413 1216 445 1272 te
471 1217 581 1273 autem
603 1207 749 1272 homines
773 1208 851 1295 quid
874 1210 1032 1288 sentiant,
1065 1212 1099 1274 in
1120 1209 1243 1274 honore

111 1311 225 1394 experti
248 1331 373 1373 sumus.
396 1309 452 1373 fin.
475 1311 505 1390 5,
527 1310 549 1374 4
571 1319 713 1397 quantus
737 1321 871 1376 ornatus
896 1312 928 1374 in
952 1311 1242 1396 Peripateticorum

111 1407 273 1498 disciplina
295 1411 349 1492 sit,
372 1411 452 1476 satis
476 1423 526 1476 est
547 1433 568 1476 a
588 1434 640 1476 me
663 1408 822 1499 -paulo
850 1411 1083 1477 antedictum.
1112 1410 1155 1477 ad
1178 1411 1241 1492 Qu.

110 1508 143 1572 11.
163 1511 193 1590 2,
215 1511 247 1594 2,
273 1513 287 1574 l
313 1533 365 1575 me
387 1512 473 1577 enim
495 1535 588 1578 nemo
611 1513 719 1580 adhuc
740 1514 884 1598 rogavit,
906 1536 984 1577 num
1007 1511 1085 1600 quid
1107 1513 1142 1577 in
1164 1512 1241 1576 Sar·

109 1611 223 1676 dinism
245 1611 346 1679 velim
369 1612 500 1696 (Orelli:
531 1612 674 1700 vellem).

182 1718 212 1796 §-
239 1714 310 1779 132.
334 1713 387 1789 1111
401 1715 583 1782 Auschluss
605 1715 718 1780 andes
735 1716 855 1802 Vorige
877 1716 952 1780 sind
974 1739 1041 1780 nun
1062 1715 1147 1781 noch
1171 1714 1245 1778 eine
1299 1725 1303 1730 ’

108 1813 217 1900 lleuge
242 1837 310 1878 von
324 1813 457 1899 Stellen,
476 1816 676 1904 namentlich
692 1839 751 1882 aus
771 1817 828 1882 der
850 1817 1015 1883 silhernen
1038 1817 1106 1882 und
1127 1825 1244 1902 spliten

109 1913 276 1998 1111111111,
300 1917 514 2002 anzufiihren,
534 1919 569 1988 in
592 1918 698 1985 denen
713 1917 1031 2006 derOonjuncliv
1054 1917 1125 1983 des
1148 1917 1242 1981 Per·

107 2015 202 2082 11111
217 2039 308 2082 zwer
319 2018 403 2083 auch
420 2019 495 2104 (wie
508 2019 561 2086 die
572 2021 616 2085 im
633 2020 806 2106 folgenden
820 2020 1051 2106 Peragraphen
1066 2017 1241 2083 hehandel·

108 2127 157 2180 len
173 2117 480 2207 Consecutivstltze)
495 2122 568 2186 eine
585 2123 748 2187 eutfemte
764 2121 957 2206 Beziehung
972 2121 1031 2184 anf
1044 2121 1098 2185 die
1114 2111 1244 2205 Gegenss

107 2229 181 2284 wart
208 2220 278 2302 (das
296 2220 422 2286 Urtheil
444 2221 501 2287 des
518 2223 710 2308 Redenden)
733 2223 904 2306 andeutet,
930 2221 1009 2286 aber
1030 2222 1117 2287 heim
1134 2231 1245 2286 ersten

107 2320 247 2388 Anblick
280 2323 385 2388 einem
417 2325 693 2390 historischen
727 2325 871 2412 Tempus
910 2324 985 2388 sehr
1018 2322 1149 2388 ohnlich
1188 2325 1242 2388 ist.

107 2423 216 2490 Dieser
245 2423 421 2491 Gebrauch
452 2425 554 2491 findet
580 2426 649 2492 sich
677 2429 712 2491 in
733 2425 912 2516 folgenden
932 2425 1151 2490 Salzlormen:

187 2529 213 2592 1.
260 2525 467 2592 Indirecte
490 2528 630 2613 Frage.
675 2527 749 2594 Liv.
773 2529 804 2609 1,
827 2529 868 2592 33
891 2549 1001 2614 pugna
1024 2527 1145 2592 indicio
1167 2527 1242 2609 fuit,

107 2649 179 2711 quos
200 2629 366 2713 gesserint
388 2631 525 2696 animos.
549 2628 625 2694 Val.
647 2628 738 2694 Max.
760 2629 830 2710 3‚4
852 2637 919 2693 ext.
943 2629 964 2692 2
987 2649 1085 2714 quam
1107 2636 1243 2692 matrem

107 2727 274 2815 Euripides
297 2740 355 2795 aur
377 2752 472 2819 quem
496 2743 620 2817 patrem
642 2731 880 2795 Demosthenes
902 2729 1069 2812 habuerit,
1098 2731 1243 2816 ipsorum

106 2851 227 2916 quoqne
249 2829 379 2897 saeculo
400 2834 548 2916 ignotum
571 2831 644 2898 1111.
667 2832 745 2896 Tac.
769 2831 845 2896 hist.
868 2833 899 2914 3,
916 2831 958 2896 84
980 2831 1096 2897 obvius
1120 2852 1137 2894 e
1161 2830 1241 2896 Ger-

106 2933 234 2997 manicis
262 2929 421 2998 militibus
449 2932 620 2999 Vitellium
646 2932 766 2998 infesto
788 2931 871 3016 ictu,
902 2955 960 3018 per
988 2933 1070 2994 iram
1098 2930 1152 2996 vel
1179 2953 1243 3016 quo

106 3034 258 3098 maturius
281 3031 423 3100 ludibrio
446 3036 621 3118 eximeret,
650 3058 692 3098 an
720 3033 886 3099 tribunum
914 3032 1088 3121 appetierit
1096 3081 1105 3114 ,
1136 3034 1171 3097 in
1193 3032 1241 3097 in-

106 3142 188 3198 certo
210 3133 284 3202 luit.
328 3134 423 3199 Nach
444 3141 598 3218 quaestum
621 3135 674 3200 bei
698 3135 837 3222 Capitol.
862 3135 940 3199 Ver.
962 3135 983 3199 5
1007 3142 1089 3198 extr.

185 3236 216 3300 2.
260 3235 742 3302 CausalerRelativsatz.
787 3236 1244 3318 Τ11.11.2,1811111111

106 3336 242 3402 intactus
276 3337 334 3403 tali
367 3339 615 3425 superstitione,
649 3349 685 3404 ut
718 3339 772 3434 qui
806 3375 846 3387 —
876 3337 1048 3403 Seleucum
1080 3337 1243 3426 quendam

106 3438 361 3504 mathematicum
383 3449 543 3504 rectorem
565 3451 597 3504 et
619 3439 802 3524 praescium
824 3439 931 3525 palam
954 3438 1114 3504 habuerit.
1151 3439 1240 3504 Suet.

107 3538 203 3627 Vesp.
218 3542 240 3605 4
253 3540 352 3606 rediit
367 3550 455 3605 certe
471 3540 572 3607 nihilo
589 3541 790 3627 opulentior,
814 3550 850 3604 ut
865 3541 921 3627 qui
935 3577 968 3586 -
984 3541 1093 3605 omnia
1108 3539 1243 3625 praedia

107 3641 196 3706 lralri
216 3641 370 3728 obligarit
391 3643 641 3728 necessarioque
661 3643 701 3708 ad
723 3645 932 3726 mangonicos
955 3652 1166 3728 quaestus-
1186 3640 1242 3704 de·

105 3743 274 3808 sconderit.
303 3743 488 3824 1111111112,
515 3745 564 3808 16.
587 3743 711 3828 Eutrop
736 3744 766 3824 1,
792 3743 830 3808 10
853 3744 966 3830 utqui
989 3741 1184 3809 conflixerit.
1211 3743 1243 3824 8,

106 3842 146 3906 20
167 3848 279 3932 utqui
301 3845 443 3911 duxerit.
461 3883 507 3902 .—
529 3844 624 3910 Eben
647 3867 683 3910 so
705 3847 821 3927 quippe
842 3846 898 3927 qul
920 3845 973 3909 bei
989 3843 1077 3909 Flor.
1100 3845 1133 3926 2,
1156 3845 1186 3927 8,
1210 3846 1240 3910 4.
1347 3879 1352 3888 ·

105 3943 135 4026 2,
160 3945 209 4027 12,
233 3947 282 4011 12.
305 3945 399 4011 Eutr.
423 3946 452 4027 9,
474 3945 526 4010 25.
549 3948 731 4028 quimorem
755 3946 802 4026 10,
828 3947 878 4012 15.

188 4047 217 4110 3.
260 4047 555 4114 Consecutiver
577 4047 850 4112 Relativsatz.
874 4050 907 4130 a)
931 4047 1102 4132 positis:
1126 4046 1195 4111 Cic.
1212 4071 1243 4133 p.

107 4143 189 4210 hlur.
218 4151 264 4227 11,
293 4148 335 4213 25
363 4149 515 4212 inventus
543 4159 592 4214 est
619 4148 727 4214 scriba
755 4149 889 4234 quidam
917 4148 981 4212 Gn.
1008 4145 1158 4229 Flavius,
1186 4154 1243 4237 qui

107 4245 267 4312 cornicum
288 4248 400 4315 oculos
421 4250 594 4315 confixerit
615 4287 657 4298 -
680 4249 886 4336 proposuerit
901 4287 940 4296 —
958 4246 1154 4335 compilarit.
1177 4250 1244 4314 Da·

107 4369 210 4432 gegen
235 4349 318 4416 Seu.
346 4374 395 4439 ep.
426 4352 476 4434 16,
502 4353 541 4417 15
568 4351 722 4417 inventus
750 4359 801 4414 est
828 4350 884 4438 qui
912 4348 1051 4414 flammis
1075 4352 1246 4434 imponeret

108 4469 243 4536 ipsuum.
268 4489 303 4502 -
327 4452 401 4518 Liv.
431 4453 484 4536 22,
507 4453 528 4517 6
549 4453 640 4517 fuero
668 4475 748 4541 quos
776 4449 977 4522 inconsultus
1006 4475 1108 4541 pavor
1133 4452 1243 4516 nando
