3050 5146
707 469 938 532 „220-

253 621 398 710 perd.¹2,
423 623 441 686 7
464 622 497 685 in
521 643 585 710 quo
607 643 668 706 ego
691 621 834 687 demiror
854 621 1040 686 meminisse
1064 630 1112 703 te,
1141 621 1221 708 quid
1243 621 1401 688 obiecerit

254 724 291 788 0.
315 723 449 789 Rabirio
465 722 577 787 Macer
598 723 761 804 inimicus,
784 723 913 788 oblitum
935 745 1017 802 esse,
1040 722 1118 807 quid
1141 723 1238 809 aequi
1253 734 1286 789 et
1301 721 1400 789 iurati

253 824 378 889 iudices
402 823 589 890 iudicarint.
636 822 748 890 Plane.
771 823 813 890 23
835 826 882 889 ita
904 821 1073 910 negligens
1095 823 1192 890 vobis
1214 845 1287 889 esse
1310 824 1400 890 vide·

253 926 352 1007 bitur,
376 934 414 991 nt
434 924 522 990 uude
544 923 696 998 audierit.
720 924 842 991 oblitus
865 926 917 991 sit.
951 923 1082 992 Caelius
1105 949 1160 1014 ap.
1182 925 1251 992 cic.
1274 925 1356 992 fam.
1371 928 1400 1007 8,

252 1027 284 1110 6,
306 1027 328 1091 2
349 1025 429 1114 quid
452 1025 535 1091 mihi
557 1025 729 1092 discedens
751 1027 935 1109 mandaris,
965 1027 1114 1110 memini,
1150 1027 1229 1114 quid
1255 1049 1318 1114 ego
1341 1028 1401 1094 tibi

251 1129 450 1215 scripserim,
473 1136 505 1206 te
526 1116 754 1194 non'arbitror
769 1127 919 1194 oblitum.
963 1128 1034 1195 Cic.
1056 1127 1101 1193 ib.
1127 1131 1177 1212 11,
1200 1131 1252 1212 27,
1274 1131 1298 1194 4
1320 1128 1403 1194 obli·

252 1242 364 1296 tumne
386 1253 437 1296 me
460 1237 567 1317 putas,
590 1251 657 1318 que,
677 1227 855 1312 eeleritate,
879 1237 915 1294 ut
936 1228 1075 1316 primum
1104 1229 1260 1316 audieris,
1282 1229 1329 1295 ed
1353 1253 1403 1296 me

128 1327 132 1336 '
254 1333 398 1400 Tarento
420 1331 612 1397 advolaris?
656 1332 726 1397 Au.
750 1332 782 1415 8,
805 1331 835 1416 9,
862 1332 873 1394 1
900 1339 937 1397 ut
959 1336 1102 1398 testeiam
1123 1353 1196 1398 osse
1219 1331 1338 1413 velim,
1360 1331 1403 1396 de

252 1455 336 1524 pace
355 1433 434 1519 quid
456 1433 626 1499 senserim.
650 1441 730 1498 orat.
747 1432 767 1497 8
783 1435 893 1520 itaque
914 1455 949 1498 se
971 1454 1115 1520 purgans
1137 1434 1265 1499 iocatur
1277 1433 1401 1500 Demo·

253 1536 400 1619 sthenes3
422 1545 523 1622 negat
544 1533 578 1598 in
601 1555 638 1599 eo
656 1535 779 1618 postas
804 1555 876 1600 esse
898 1532 1045 1600 fortunas
1069 1535 1244 1617 Graeciae,
1272 1534 1340 1600 hoc
1361 1559 1401 1601 an

253 1637 309 1704 illo
333 1637 435 1702 verbo
458 1659 536 1702 usus
559 1636 614 1719 sit,
638 1633 699 1701 hue
718 1658 760 1701 en
776 1634 854 1701 illue
870 1657 999 1702 manum
1016 1636 1208 1725 ponexerit.
1231 1635 1289 1701 fin.
1306 1637 1339 1719 5,
1361 1637 1402 1703 29

254 1739 311 1804 sed
341 1761 413 1804 eum
442 1739 612 1804 coruiiten't
639 1737 725 1803 inter
755 1738 844 1803 viros
868 1738 999 1824 doctos,
1031 1738 1146 1822 quanti
1176 1759 1228 1804 res
1249 1761 1402 1826 quaeque

253 1843 306 1907 sit.
351 1840 452 1921 Aber,
477 1829 538 1906 {vie
561 1839 593 1903 in
616 1838 674 1904 Nr.
697 1838 731 1921 b,
754 1839 906 1905 kommen
929 1839 1013 1904 aueh
1035 1839 1118 1905 naeh
1144 1837 1255 1934 diesen
1279 1839 1401 1904 Verbis

254 1943 305 2010 bei
329 1941 497 2009 einfacher
518 1940 774 2026 Abhtingigkeit
797 1940 1058 2030 Haupttempora
1085 1940 1144 2005 des
1172 1939 1401 2006 Nebensatzes

253 2068 322 2112 vor.
366 2043 401 2111 S.
423 2048 452 2125 ξ.
478 2044 548 2108 131.

337 2149 365 2219 3.
389 2144 679 2212 Relativsdtze.

339 2251 378 2313 A.
403 2245 530 2327 Solche,
553 2245 606 2312 die
630 2245 861 2333 urspriinglieh
892 2248 935 2312 im
959 2246 1170 2311 Indicativ
1194 2245 1312 2312 stehen
1335 2245 1401 2310 und

253 2351 324 2416 hier
339 2350 391 2414 bei
407 2346 580 2436 doppelter
591 2347 844 2433 Abhungigkeit
859 2371 922 2414 nur
937 2371 1049 2434 wcgcn
1073 2348 1134 2412 der
1147 2349 1252 2414 oratio
1266 2347 1403 2435 obliqua

254 2452 317 2517 den
340 2450 540 2540 Conjunctiv
571 2449 728 2514 erhalten.
773 2448 869 2515 Auch
896 2449 931 2515 in
959 2450 1057 2516 ilrnen
1081 2448 1154 2514 sind
1175 2452 1212 2537 je
1235 2449 1320 2516 nach
1344 2450 1403 2514 der

253 2550 524 2641 ursprttugliehen
547 2551 780 2618 Construction
802 2551 1038 2618 verschiedene
1054 2552 1218 2638 Tempora
1240 2551 1400 2638 mdglieh:

253 2679 283 2722 a.
306 2654 651 2740 Nebentempora,
681 2653 841 2738 zunttchst
869 2653 930 2720 dns
954 2653 1190 2740 imperfect:
1220 2651 1285 2739 leg.
1309 2653 1399 2720 Men.
1519 2717 1520 2722 ,

257 2758 295 2822 12
316 2757 372 2844 qui
394 2755 437 2821 ad
459 2778 519 2821 vos
540 2755 584 2821 ab
606 2756 726 2820 exteris
748 2755 937 2822 nationibus
952 2757 1101 2856 vestroe,
1124 2762 1238 2842 captos
1254 2755 1400 2842 querar?

253 2859 347 2924 Verr.
369 2859 400 2940 2,
422 2858 464 2923 44
486 2856 636 2924 dubitare
658 2858 768 2940 etiam,
791 2857 818 2922 si
842 2858 991 2945 potestis,
1014 2857 1094 2944 quin
1116 2877 1190 2921 eum
1212 2857 1277 2922 iste
1299 2859 1400 2945 potis·

253 2961 370 3027 simum
398 2958 560 3045 delegerit
581 2997 621 3006 -
645 2981 740 3045 quem
769 2958 845 3024 huie
873 2959 1133 3026 inimicissimum
1156 2995 1198 3008 -
1223 2959 1398 3024 arbitrare·

252 3073 316 3128 tur.
339 3065 370 3144 3,
393 3064 412 3127 7
435 3061 503 3126 seio
526 3071 559 3126 te
583 3060 807 3148 possessiones
822 3060 1040 3128 hereditatum
1056 3083 1120 3126 non
1138 3058 1316 3126 seeundum
1334 3083 1400 3143 cos,

253 3165 308 3252 qui
331 3164 524 3250 proferrent,
548 3162 604 3227 sed
628 3162 804 3228 seeundum
827 3184 893 3244 eos,
915 3163 971 3250 qui
995 3162 1141 3228 dicerent
1168 3171 1399 3228 testamentum

253 3266 391 3345 factum,
421 3263 563 3329 dedisse.
598 3263 666 3329 div.
689 3264 720 3346 2,
748 3265 789 3329 57
818 3265 992 3330 evanuisse
1018 3266 1110 3330 airrnt
1137 3273 1304 3330 vetustate
1333 3265 1398 3330 vim

253 3365 315 3431 loci
339 3364 420 3448 eius,
442 3364 529 3429 unde
550 3364 712 3430 anhelitus
735 3363 790 3430 ille
812 3377 918 3448 terrae
940 3366 1043 3448 fieret,
1066 3389 1129 3453 quo
1148 3363 1269 3452 Pythia
1292 3373 1399 3431 mente
1518 3411 1519 3430 .

253 3468 391 3534 incitata
412 3465 544 3532 oracula
566 3467 687 3532 ederet.
733 3466 828 3532 Eheu
851 3489 887 3530 so
910 3467 969 3532 mit
991 3467 1237 3556 Conj.1mperf.
1261 3466 1304 3532 nd
1329 3469 1397 3532 Au.

252 3571 283 3654 8,
306 3571 338 3654 8,
359 3569 390 3634 2.
413 3567 455 3633 ad
479 3566 542 3650 Qu.
566 3569 605 3634 ir.
628 3569 660 3652 2,
684 3569 734 3652 15,
757 3570 788 3633 3.
813 3607 851 3618 -
876 3569 1091 3655 Demgemttss
1119 3567 1203 3635 auch
1231 3567 1292 3634 der
1313 3569 1398 3636 Con·

249 3671 381 3762 junctiv
409 3670 467 3736 des
496 3667 918 3758 Plusqunmperfeets;
952 3668 1046 3736 Verr.
1076 3671 1108 3752 3,
1136 3670 1190 3754 50,
1222 3671 1284 3735 119
1313 3679 1350 3735 ut
1370 3669 1397 3734 si

252 3774 325 3860 quis
347 3772 478 3839 villicus
501 3794 543 3837 ex
565 3793 603 3837 eo
626 3771 739 3854 fundo,
763 3773 818 3856 qui
841 3769 899 3838 HS
924 3771 1009 3836 dena
1030 3773 1259 3838 rneritussct—
1274 3771 1398 3837 miserit

253 3885 310 3940 ctt.
333 3897 364 3962 p.
388 3874 484 3966 anc.
511 3873 549 3937 12
570 3873 626 3960 qui
650 3874 684 3938 in
706 3895 788 3960 pace
810 3884 843 3939 et
865 3873 932 3938 otio
947 3873 1095 3939 homines
1110 3873 1262 3956 inermes,
1286 3875 1341 3962 qui
1355 3869 1396 3937 sd

252 3975 464 4066 constitutum
489 3973 685 4059 experiundi
707 3975 788 4039 iuris
809 3974 917 4060 gratia
939 3974 1124 4057 venissent,
1147 3974 1315 4062 repulerit,
1337 3973 1395 4039 hoe

217 4141 222 4148 .
253 4076 364 4142 dicet?
409 4076 501 4145 Brut.
529 4076 571 4142 38
598 4076 684 4164 quod
708 4075 960 4142 Demosthenem
983 4077 1093 4141 ferunt
1114 4077 1161 4158 ei,
1189 4077 1247 4164 qui
1269 4077 1394 4164 quaesi·

253 4181 373 4262 visset,
403 4179 483 4267 quid
510 4179 650 4266 primum
676 4189 764 4246 esset
793 4177 1006 4262 indicendo,
1040 4178 1259 4267 respondisse.
1305 4177 1395 4244 eben

253 4304 289 4348 so
311 4305 341 4369 p.
367 4282 479 4369 Dejot.
502 4281 533 4364 8,
557 4279 609 4348 23.
633 4281 732 4346 Tuse.
760 4282 788 4364 1,
808 4282 862 4364 47,
888 4279 958 4345 114.
981 4280 1081 4346 deor.
1104 4281 1136 4364 3,
1159 4279 1211 4362 35,
1237 4280 1306 4344 140.
1326 4279 1394 4344 Au.

257 4385 303 4460 16,
326 4383 730 4570 45.211ιιιιρῐῐοιιηιοιιι,
748 4481 962 4571 erstlieh'das
979 4483 1193 4550 Praesens:
1217 4456 1249 4570 p.
1263 4483 1391 4565 Quinct.

258 4589 295 4654 12
317 4585 489 4654 credemus
512 4585 584 4670 hoe,
608 4590 683 4651 Sex.
707 4584 878 4667 Naevium,
902 4585 993 4650 euius
1016 4593 1115 4671 caput
1141 4590 1301 4670 oppuprtct,
1323 4583 1391 4648 eius
