3034 5142
723 373 769 421 '—
813 373 877 439 274
922 413 959 424 -

355 526 387 592 b.
411 525 480 590 Der
502 525 714 590 Indieativ
739 547 804 589 von
819 527 933 606 (ledere,
957 531 1094 608 oportere
1108 524 1174 588 uud
1191 524 1249 588 der
1265 524 1410 590 Gerun-

271 627 559 694 divform10ic.
590 626 684 691 Verr.
713 628 742 708 3,
766 627 807 691 53
835 639 869 692 at
898 625 996 691 debet
1024 648 1082 690 nos
1113 627 1267 692 certiores
1295 626 1410 708 facere,

197 807 204 822 Ι
270 750 333 815 quo
356 737 452 812 pacto
480 749 515 792 se
536 729 656 793 habeat
677 729 857 814 provincia.
903 728 1020 808 Debet,
1043 739 1266 793 verumtamen
1282 750 1350 792 non
1365 749 1411 792 eo-

269 829 368 914 gitur.
391 830 423 913 4,
446 828 467 893 9
495 831 528 894 hi
557 839 589 894 te
611 829 757 894 homines
780 829 973 895 arretoritete
997 851 1055 894 sua
1083 828 1271 912 sublevent3
1305 830 1412 914 quite

269 952 375 1017 neque
392 930 518 1024 ¹debent
540 930 708 1012 adiuvare,
732 931 760 995 si
782 932 919 1018 possint,
942 953 1048 1018 neque
1070 939 1225 1017 possunt,
1249 931 1276 994 si
1302 928 1411 994 velint

270 1031 368 1097 Rosc.
392 1034 467 1097 Am.
494 1032 532 1096 19
554 1029 634 1096 illud
664 1031 795 1118 quidem
804 1083 813 1114 ,
843 1032 987 1098 voluisse
1015 1033 1232 1113 exheredare,
1266 1039 1356 1096 certe
1383 1041 1412 1094 tn

271 1133 403 1220 planum
426 1135 533 1196 faeere
556 1131 667 1196 debes.

355 1235 425 1298 Das
448 1235 735 1322 Imperfectum
759 1235 867 1299 dieser
882 1235 994 1301 Verba
1008 1235 1066 1300 hat
1080 1234 1270 1300 schwerlich
1282 1233 1411 1322 jemals,

271 1337 333 1400 wie
349 1341 495 1420 poteraut
518 1335 584 1400 und
601 1337 679 1418 ἔδει,
702 1336 1063 1422 Praesensbcdeutung,
1088 1335 1229 1402 sondern
1245 1338 1289 1400 ist
1304 1337 1336 1400 in
1353 1335 1412 1398 den

270 1437 399 1502 hierher
420 1459 608 1523 gezogenen
631 1437 754 1502 Stellen
776 1437 824 1502 als
841 1438 1064 1503 'Praeteritum
1087 1437 1308 1502 aufzufassen.
1347 1437 1410 1501 uic.

270 1540 337 1604 div.
360 1541 391 1620 2,
414 1541 466 1623 43,
491 1541 528 1604 91
555 1540 721 1602 oculorum
744 1539 954 1604 fallacissimo
977 1561 1073 1603 seusu
1089 1539 1237 1604 iudicant
1259 1561 1309 1618 ea,
1333 1561 1412 1625 quae

269 1641 396 1706 ratione
419 1650 513 1724 atque
536 1643 642 1706 animo
665 1639 777 1704 videre
801 1639 974 1706 debebant.
1019 1642 1126 1706 Docet
1149 1641 1234 1704 enim
1250 1641 1332 1705 ratio
1348 1663 1409 1704 ma·

270 1743 538 1822 thematicorum,
568 1763 666 1827 quarn
694 1740 766 1805 istis
794 1752 906 1807 notam
936 1763 1009 1807 esse
1037 1741 1210 1830 oportebat
1239 1750 1297 1806 ctt.
1348 1743 1411 1805 Der

272 1846 351 1908 Sina
374 1844 419 1908 ist
440 1843 539 1908 wolrl:
564 1842 635 1906 dies
659 1852 745 1906 aare
767 1841 877 1928 lttngst
900 1843 1014 1928 nothig
1036 1865 1196 1929 genesen.
1220 1841 1311 1907 Lael.
1327 1847 1358 1924 ἓ.
1374 1844 1411 1906 99

269 1967 423 2032 peccasse
452 1946 537 2009 enim
567 1967 602 2010 se
629 1937 694 2008 non
721 1957 904 2029 unguntur,
933 1945 1100 2030 obiurgari
1128 1944 1265 2008 moleste
1292 1945 1409 2024 serunt,

270 2048 356 2132 quod
385 2055 497 2113 eontra
526 2044 712 2133 oportebat,
741 2045 860 2110 delicto
888 2044 1013 2129 dolere,
1044 2046 1244 2111 correctione
1273 2047 1409 2129 gaudere

270 2149 317 2232 (d.
341 2148 372 2211 lr.
398 2147 507 2213 davon
529 2147 620 2212 lr'attte
643 2146 712 2212 sich
735 2146 794 2212 das
819 2147 1015 2232 Gegentheil
1037 2147 1204 2232 gebilhrt).
1255 2139 1341 2212 Seu.
1362 2169 1407 2231 ep.

270 2250 322 2331 87,
350 2251 370 2312 6
399 2249 485 2316 idem
513 2251 548 2314 iu
575 2247 708 2335 reliquis
737 2271 864 2336 quoqne
896 2248 1004 2314 facere
1038 2248 1229 2332 debebatis,
1261 2258 1408 2314 excutere
1505 2259 1506 2288 l

269 2360 426 2435 (parantum
449 2352 586 2437 quisquc
608 2349 735 2414 habeat.
787 2349 978 2415 Deutlicher
1005 2352 1049 2415 ist
1070 2348 1125 2413 die
1147 2350 1337 2435 Beaiehung
1357 2347 1411 2414 auf

269 2450 323 2516 die
350 2451 617 2537 Vergangenheit
653 2449 721 2515 Cic.
750 2473 781 2519 n.
811 2451 842 2516 d.
871 2452 901 2530 3,
931 2453 973 2516 32
1006 2451 1171 2517 debebant
1205 2451 1254 2516 illi
1284 2450 1406 2538 quidem

270 2553 346 2638 (dii)
371 2575 480 2617 omnes
503 2553 606 2618 bonos
631 2552 776 2635 efficere,
805 2552 832 2617 si
860 2553 991 2636 quidem
1013 2552 1179 2618 hominum
1203 2555 1318 2638 generi
1341 2573 1406 2615 eon·

269 2653 431 2719 solebant.
456 2656 535 2720 fam.
562 2656 587 2734 1,
615 2655 642 2737 1,
665 2655 686 2716 4
708 2655 735 2716 si
759 2665 844 2718 esset
866 2655 962 2718 iniis
986 2654 1079 2737 fides,
1102 2656 1136 2720 in
1151 2654 1274 2741 quibus
1289 2675 1405 2720 summa

269 2778 339 2822 esse
368 2756 525 2838 debebat,
553 2778 618 2821 non
646 2754 879 2820 laboraremus.
929 2755 1023 2820 Verr.
1047 2757 1067 2820 3
1090 2759 1121 2837 ξ.
1146 2757 1204 2822 127
1233 2755 1404 2842 oportebat.

268 2881 298 2920 n.
320 2860 351 2923 d.
378 2863 392 2922 l
417 2863 447 2940 ξ.
471 2860 512 2923 89
534 2857 613 2946 quid
636 2876 713 2940 optrs
735 2857 823 2922 mot?
859 2857 920 2922 lllit
936 2855 1010 2922 dem
1027 2858 1323 2922 Geruudirum:
1348 2856 1403 2940 leg.

268 2965 351 3023 Man.
377 2961 415 3024 17
439 2961 557 3047 quodsi
579 2959 701 3024 Rornae
717 2961 780 3026 Gn.
796 2958 970 3045 Pompeius
993 2959 1141 3046 privatus
1163 2965 1240 3025 esset
1260 2960 1320 3025 hoc
1335 2969 1403 3024 tem·

268 3084 356 3147 pore,
381 3071 490 3128 tamen
513 3059 555 3126 ad
578 3069 703 3124 tanturn
725 3059 848 3126 bellum
871 3062 899 3124 is
921 3066 989 3125 erut
1012 3060 1205 3145 deligendus
1228 3071 1326 3146 atque
1341 3060 1404 3124 urit·

268 3163 385 3228 tendas
409 3165 458 3247 (er
480 3162 571 3227 hetto
593 3162 693 3228 sehon
714 3161 823 3246 lttngst
844 3159 988 3247 gewithlt
1010 3163 1142 3227 werden
1157 3166 1313 3248 miissen).
1336 3163 1403 3228 Son.
1504 3165 1505 3196 ³

269 3285 319 3349 ep.
343 3265 394 3347 76,
417 3264 459 3327 20
481 3286 545 3329 non
569 3273 639 3329 erat
662 3262 858 3346 faciendum,
883 3263 910 3328 si
933 3273 1021 3328 esset
1042 3273 1099 3332 ctt.
1144 3265 1243 3330 Kann
1266 3264 1313 3329 als
1336 3263 1401 3328 Ge·

269 3374 450 3450 genuart
471 3366 597 3450 gelasst
625 3364 772 3448 werden,
802 3365 864 3432 wie
892 3366 975 3431 auch
1004 3387 1054 3453 ep.
1078 3366 1128 3448 88,
1151 3367 1194 3430 32
1216 3388 1299 3454 quae
1321 3373 1403 3430 erant

269 3465 477 3549 dediscenda,
501 3467 530 3530 si
552 3467 662 3532 scires.

353 3568 423 3632 Das
451 3567 701 3633 Perfectum:
732 3567 829 3634 Tusc.
852 3569 883 3654 4,
909 3570 946 3633 17
973 3569 1174 3636 moderatius
1202 3570 1302 3655 igitur
1328 3567 1402 3632 ferre

269 3669 392 3734 debuit.
436 3670 530 3735 Verr.
553 3671 583 3752 4,
606 3671 637 3753 9,
660 3671 699 3734 21
725 3691 841 3734 navem
865 3671 1025 3756 imperare
1049 3693 1090 3736 ex
1113 3671 1247 3737 foedere
1270 3668 1401 3736 debuisti

270 3773 319 3854 (es
342 3793 409 3836 war
431 3771 528 3836 deine
551 3771 701 3854 Pllicbt);
731 3772 886 3836 remisisti
913 3773 947 3836 in
970 3773 1155 3838 triennium.
1185 3773 1264 3838 fam.
1288 3775 1336 3852 14,
1359 3769 1400 3834 lli.

267 3872 342 3937 Liv.
363 3874 394 3954 5,
416 3875 436 3936 4
458 3883 600 3938 autnon
624 3873 746 3967 suscipi
774 3871 895 3938 bellurn
922 3874 1066 3960 oportuit
1089 3884 1147 3939 aut
1168 3876 1239 3960 geri
1260 3897 1316 3960 pro
1338 3871 1399 3953 dig·

268 3975 370 4039 nitate
398 3973 509 4061 populi
536 3975 576 4040 R.
606 3973 658 4056 29,
685 3975 720 4038 17
751 3984 861 4038 tamen
882 3975 962 4040 haec
985 4013 1024 4022 -
1049 3977 1118 4062 pati
1140 3999 1208 4044 non
1230 3975 1396 4040 debuimus.

268 4077 363 4140 Eben
385 4097 420 4140 so
447 4077 491 4140 ian
513 4075 718 4162 Hauptsatae
745 4098 786 4139 zu
815 4077 903 4141 einer
932 4076 1071 4142 irrealen
1101 4077 1309 4164 Bedingung:
1337 4073 1395 4138 Cic.

268 4177 362 4242 Verr.
386 4177 432 4261 II,
459 4180 488 4259 l,
509 4177 552 4241 56
567 4179 658 4243 cuius
677 4187 817 4242 aetatem
841 4187 872 4242 et
894 4177 1112 4261 solitudinem,
1137 4181 1265 4245 etiamsi
1286 4187 1395 4242 tutores

268 4301 333 4343 non
355 4289 474 4361 essent,
499 4277 673 4343 defendere
694 4288 825 4365 praetor
848 4279 970 4346 debuit.
997 4283 1029 4364 3,
1052 4282 1092 4345 61
1117 4303 1214 4368 quem
1237 4281 1394 4354 hominem,

268 4382 296 4446 si
320 4381 521 4467 quispudor
542 4382 577 4444 in
599 4391 630 4445 te
652 4391 750 4468 atque
777 4381 860 4446 adeo
888 4384 916 4448 si
944 4385 1016 4469 quis
1045 4393 1151 4449 metus
1179 4384 1310 4472 suisset,
1335 4379 1395 4444 sine

268 4481 428 4570 supplicio
450 4481 614 4548 dimittere
636 4505 700 4548 uon
723 4483 876 4552 debuisti.
900 4489 929 4573 3,
952 4489 994 4556 58
1010 4489 1038 4555 si
1054 4490 1127 4576 quis
1151 4491 1213 4560 libi
1235 4492 1276 4561 ad
1298 4507 1393 4558 aurern
