3068 5138
563 389 796 455 -377-

109 541 148 604 cd
166 563 193 606 a.
218 541 256 606 B.
278 540 352 606 Act.
375 542 404 621 1,
427 541 459 622 2,
482 541 503 605 3
525 547 590 604 tam
613 561 714 627 prope
736 539 914 606 accedebat
936 541 979 606 ad
1001 540 1246 608 similitudinem
1351 547 1354 558 '

108 651 174 706 tuae
196 641 332 706 litterae.
370 665 402 706 n.
418 641 449 706 d.
468 645 496 722 1,
512 641 555 706 34
577 640 619 706 ad
642 640 883 706 similitudinem
899 645 1089 730 —propius
1111 644 1244 710 accede-

107 743 166 810 bat.
201 743 242 810 de
271 764 318 809 or.
341 745 378 826 71,
401 743 442 807 62
473 743 575 809 oratio
603 743 737 830 propius
767 741 808 806 ad
839 745 1019 808 veritatem.
1051 769 1081 832 p.
1104 745 1178 830 Lig.
1204 747 1243 810 12

106 847 242 912 homines
264 843 307 910 ad
331 844 409 910 deos
432 841 522 908 nulla
543 866 578 910 re
600 845 743 930 propius.
768 843 860 908 Verr.
889 845 920 930 2,
935 847 966 926 3,
991 847 1008 910 7
1032 848 1179 933 proxime
1201 847 1244 911 ad

105 958 239 1013 nostram
269 944 487 1032 disciplinam.
531 945 622 1011 Aber
650 967 684 1009 er
712 944 768 1010 hat
796 946 879 1012 anch
907 948 970 1012 den
992 948 1132 1013 Dativ:
1163 947 1241 1013 fam.

106 1051 156 1130 11,
178 1049 232 1128 21,
253 1051 276 1113 4
299 1069 352 1112 me
374 1047 449 1112 huic
471 1056 546 1112 tuae
569 1048 685 1111 virtuti
714 1049 861 1133 proxime
884 1049 1047 1122 accedere.
1093 1049 1156 1115 Mit
1184 1049 1243 1115 der

105 1148 355 1236 Adjectiriorm:
380 1148 469 1213 Brut.
494 1149 534 1213 47
557 1148 685 1214 duobus
708 1150 810 1233 igitur
832 1150 965 1214 summis
982 1149 1101 1215 Crasso
1125 1161 1157 1218 et
1171 1153 1240 1216 An-

105 1251 184 1314 tonio
206 1250 380 1336 Philippus
404 1251 574 1336 proximus
596 1249 780 1316 accedebat.
825 1250 887 1316 Mit
909 1251 982 1315 dem
999 1251 1240 1336 Accusativ‚

104 1352 155 1416 der
170 1353 251 1418 aber
267 1374 335 1418 von
357 1351 431 1416 dem
445 1350 583 1417 Adverb
606 1350 765 1435 abhttngt:
789 1375 820 1438 p.
838 1351 907 1416 Mil.
925 1353 968 1416 22
990 1353 1138 1439 proxime
1160 1353 1239 1419 deos

104 1454 231 1518 accessit
254 1452 403 1518 Clodius.
446 1451 543 1518 Eben
566 1475 601 1517 so
617 1452 700 1516 Plin.
716 1451 747 1516 h.
763 1475 795 1516 n.
814 1453 853 1516 16
869 1456 900 1534 ξ.
915 1453 979 1518 204
994 1476 1077 1540 quae
1092 1457 1239 1541 proxime

104 1555 248 1620 accedere
264 1556 405 1620 ebenum
421 1555 561 1618 videtur.
591 1553 654 1618 Mit
671 1553 815 1618 anderen
829 1553 1021 1620 Aduerbion
1037 1554 1094 1620 des
1111 1554 1239 1620 Grades

104 1657 149 1721 bei
171 1656 374 1738 Quintilian,
404 1655 463 1720 der
490 1652 650 1722 ebenfalls
679 1653 802 1722 sowohl
830 1654 894 1718 den
916 1656 1020 1720 Dativ
1042 1655 1090 1722 als
1114 1660 1158 1722 ad
1184 1679 1238 1742 ge·

105 1757 245 1822 braucht:
280 1758 338 1839 10,
364 1759 396 1832 1,
420 1757 461 1822 68
484 1757 587 1842 magis
609 1755 737 1821 accedit
759 1757 898 1821 oratorio
926 1759 1049 1840 generi.
1081 1758 1121 1823 86
1145 1781 1240 1845 quem

104 1859 235 1926 Homero
250 1859 401 1924 crederet
423 1859 565 1924 maxime
584 1856 750 1924 accedere.
783 1858 834 1939 12,
853 1859 900 1932 10,
917 1857 938 1921 9
952 1858 995 1922 ad
1010 1860 1184 1924 veritatem
1200 1899 1240 1910 —-

103 1963 212 2046 optime
235 1961 424 2028 accessisse.
448 1999 489 2009 -
512 1960 673 2026 Bedentet
695 1960 834 2025 accedere
856 1959 1037 2042 ,puehrend
1059 1960 1140 2026 oder
1163 1963 1238 2026 atei·
1272 1987 1274 1994 ¹

102 2062 195 2146 gernd
227 2063 504 2143 hinaukommen‚
538 2060 754 2148 hinaugefiigt
787 2059 955 2143 werden“,
990 2083 1025 2126 so
1055 2062 1143 2127 steht
1175 2061 1240 2126 last

103 2163 207 2230 immet
228 2167 289 2232 ad:
323 2165 399 2228 Ter.
422 2163 526 2231 Andr.
552 2165 581 2244 1,
604 2165 637 2244 3,
663 2163 703 2227 10
721 2161 764 2226 ad
787 2161 868 2226 baec
890 2160 984 2226 mala.
1021 2161 1090 2227 Cic.
1108 2163 1148 2228 da
1170 2183 1237 2228 san.

103 2265 120 2327 6
145 2267 184 2331 ad
212 2267 315 2354 Appii
338 2265 468 2331 Claudii
497 2274 696 2330 senectutem
725 2261 902 2330 accedebat
932 2265 1030 2328 etiam
1059 2273 1095 2329 ut
1123 2285 1238 2330 caecus

104 2377 187 2432 esset.
231 2367 310 2434 Und
340 2389 375 2432 so
405 2378 478 2452 sagt
507 2365 671 2430 derselbe:
700 2364 742 2428 ad
765 2385 907 2430 amorem
929 2363 1013 2429 nibil
1035 2374 1164 2452 poterat
1185 2389 1236 2431 ac-

102 2467 221 2553 cedere;
245 2468 289 2534 ad
307 2469 438 2534 virtutis
457 2490 629 2550 summam,
651 2466 693 2532 ad
715 2467 812 2530 finem
834 2466 1006 2549 bonorum,
1030 2467 1072 2532 ad
1095 2467 1236 2534 liberali-

103 2579 208 2653 tatem,
232 2593 356 2636 ncvum
381 2574 502 2636 crimen
524 2569 566 2634 ad
591 2590 739 2649 causam,
762 2567 804 2632 ad
827 2568 1028 2652 dignitatern.
1074 2569 1159 2634 Dem
1181 2594 1237 2656 ge·

102 2680 178 2736 miss
200 2673 285 2738 auch
309 2671 404 2736 Caes.
429 2672 459 2737 b.
482 2693 513 2756 g.
542 2673 570 2752 1,
596 2670 635 2735 19
658 2691 730 2735 cum
754 2669 796 2734 ad
817 2668 877 2734 has
901 2669 1102 2755 suspiciones
1126 2673 1237 2736 certis-

101 2774 192 2840 simae
213 2797 267 2839 res
291 2774 495 2838 accederent.
523 2773 555 2838 b.
579 2794 606 2836 c.
623 2774 655 2854 3,
670 2773 712 2836 24
726 2770 769 2834 ad
791 2771 853 2836 hoc
869 2770 1110 2876 detrimentum.
1142 2774 1237 2838 steht

100 2872 129 2936 in
149 2874 277 2941 solchen
293 2874 556 2960 Verbindungen
578 2873 635 2939 der
650 2873 790 2954 Datin,
814 2895 850 2938 so
872 2871 1063 2938 bezeichnet
1084 2873 1234 2940 dersolbs

101 2973 151 3038 das
172 2975 376 3064 perstinliclre
396 2976 573 3058 Interesse,
595 2977 658 3039 wie
681 2972 1029 3060 Cic.p.Quinct.1‚3
1050 2972 1133 3042 illud
1157 2997 1234 3061 quo-

101 3097 155 3160 que
175 3081 264 3145 nobis
286 3077 426 3143 accedit.
459 3078 501 3143 ad
525 3075 590 3158 Qu.
614 3076 654 3141 fr.
680 3079 709 3158 1,
734 3077 763 3158 1,
788 3075 805 3138 1
829 3097 950 3140 annum
972 3076 1106 3143 tertium
1127 3097 1233 3141 acces·

100 3178 172 3242 sisse
186 3179 348 3246 desiderio
364 3190 474 3244 nostro
496 3189 528 3244 et
550 3177 654 3244 labori
677 3189 741 3243 tue.
776 3177 817 3242 In
832 3175 1075 3242 unlrlassischer
1091 3177 1234 3266 Sprache

102 3279 180 3346 steht
199 3283 281 3348 aber
304 3280 363 3346 der
385 3281 488 3348 Dativ
511 3281 595 3346 auch
618 3279 676 3364 da,
698 3301 747 3344 wo
770 3278 823 3343 die
844 3277 1020 3344 Klassikcr
1042 3282 1086 3346 ad
1106 3291 1233 3364 setzen3

102 3400 132 3443 so
153 3381 249 3449 scbon
273 3382 379 3448 Varro
402 3405 428 3448 r.
451 3406 478 3447 r.
494 3382 526 3465 2,
544 3383 611 3465 9,6
634 3382 750 3468 quibus
773 3381 929 3466 gregibus
952 3382 1023 3446 sine
1044 3382 1232 3469 pastoribus

100 3502 185 3548 canes
212 3483 439 3550 accessissent.
468 3483 553 3549 Plin.
578 3484 609 3548 h.
639 3508 669 3552 n.
693 3482 794 3570 praef.
817 3485 847 3563 §-
873 3483 912 3545 12
938 3501 1029 3548 meae
1057 3484 1233 3550 temeritati

100 3589 226 3652 accessit
250 3586 312 3652 boc
335 3608 461 3672 quoque
484 3585 571 3672 qnod
594 3595 651 3651 ctt.
675 3584 758 3650 Plin.
782 3607 834 3670 ep.
850 3584 882 3666 5,
899 3583 967 3664 8‚9
989 3583 1081 3669 quid,
1105 3586 1133 3648 si
1156 3584 1232 3648 huic

100 3689 179 3752 oneri
205 3711 327 3754 novum
357 3685 554 3753 accesserit?
580 3725 616 3735 —
640 3688 791 3752 Accedere
818 3685 921 3750 heisst
946 3706 1015 3750 nun
1043 3684 1122 3749 aber
1147 3685 1231 3750 auch

100 3788 269 3872 ,‚zuiallen‚
293 3812 335 3854 cu
351 3788 447 3854 Theil
461 3788 629 3855 werden.“
659 3787 699 3852 In
721 3786 844 3852 diesem
859 3786 959 3852 Sinnc
982 3785 1069 3850 steht
1091 3809 1124 3851 es
1142 3809 1231 3851 zwar

100 3887 144 3952 ein
163 3890 229 3956 Mal
251 3891 312 3956 mit
333 3893 393 3956 od:
415 3891 488 3956 Ter.
512 3890 643 3956 Phorm.
666 3889 745 3977 prol.
769 3889 811 3953 29
834 3886 983 3953 voluntas
1006 3897 1116 3952 vestra
1139 3889 1167 3952 si
1189 3887 1231 3952 ad

99 4001 215 4070 poetam
237 3991 423 4057 accesserit.
467 3993 560 4058 Aber
587 3993 621 4056 in
651 3989 734 4057 allen
756 3991 897 4075 librigen
918 3988 1041 4056 Steilen
1064 3989 1150 4055 steht
1172 3989 1231 4054 der

99 4086 224 4159 Dativ:
259 4092 372 4158 'Plano
395 4093 515 4180 Amph.
538 4094 574 4172 2,
597 4096 633 4177 2,
657 4094 696 4157 ‘li
724 4091 784 4156 tibi
810 4089 949 4157 stultitia
975 4091 1124 4155 accessit.
1154 4089 1228 4154 Ter.

100 4189 168 4256 Hec.
188 4198 221 4278 3,
238 4195 271 4277 5,
293 4195 335 4260 56
357 4193 536 4282 paullulum
559 4194 653 4260 vobis
677 4195 816 4260 accessit
836 4193 1004 4281 pecuniae.
1035 4192 1105 4256 Cic.
1125 4189 1166 4254 de
1181 4213 1228 4256 or.

101 4293 125 4370 l,
145 4295 183 4360 60
205 4319 268 4383 quo
290 4295 365 4383 plus
388 4297 451 4360 sibi
473 4297 589 4362 aetatis
612 4295 790 4361 accederet.
821 4318 853 4381 p.
870 4291 959 4359 Cael.
979 4293 1021 4358 30
1043 4314 1115 4358 cum
1137 4291 1227 4379 paul·

99 4389 155 4458 lum
177 4397 239 4462 iam
262 4399 389 4464 roboris
411 4398 603 4463 accessisset
625 4398 736 4462 aetati.
766 4397 859 4461 Brut.
882 4397 923 4462 33
945 4417 1059 4460 manus
1083 4404 1229 4460 extrema

99 4513 154 4562 non
173 4500 312 4568 accessit
334 4498 486 4593 operibus
510 4498 590 4566 eius.
620 4497 949 4586 Att.1‚16,9d010r
971 4497 1111 4600 accessit
1132 4496 1226 4572 bonis
