3056 5144
596 394 828 459 -533-

128 544 246 611 Ueber
273 545 326 609 die
356 543 591 611 St‘adtenamen
617 548 678 613 mit
704 550 748 614 od
775 571 800 618 s.
829 552 859 630 ξ.
892 549 969 632 176,
998 550 1029 613 4.
1056 587 1099 598 -
1126 551 1197 616 Aue
1225 550 1283 618 der
1394 509 1395 514 i
1436 522 1439 536 Ι

128 647 349 713 iiberreiohen
376 647 624 733 Phraseologie,
660 650 714 714 die
741 651 811 715 hier
837 649 928 716 nioht
957 651 1123 738 eraohdpft
1149 650 1283 718 werden

129 750 241 832 kann,
270 749 377 814 wa'hle
404 749 457 813 ioh
485 752 628 836 weniges
651 773 728 817 aus:
759 753 814 821 Ad
836 773 941 836 persua
969 753 1116 818 accidere
1140 753 1225 819 Enn.
1248 779 1280 820 u.

127 852 208 915 Ter.
233 851 316 914 Heu.
339 851 370 928 3,
393 853 423 932 3,
450 851 497 916 18.
536 851 639 916 Plaut.
669 853 769 918 Mero.
797 853 861 918 864
888 875 956 920 vox
983 857 1027 919 od
1047 857 1138 921 auris
1159 857 1204 920 mi
1226 857 1281 921 ad-

127 952 269 1017 volavit.
302 953 395 1038 Capt.
418 952 448 1032 5,
470 954 502 1032 4,
526 953 568 1016 22
590 955 676 1018 huno
699 954 741 1019 ad
764 955 950 1018 carnificem
972 955 1067 1020 dubo.
1105 957 1194 1022 Pers.
1218 958 1280 1022 608

128 1053 174 1119 ad
204 1064 315 1120 castra
340 1056 587 1120 convortamini.
641 1057 765 1142 Huufig
792 1067 865 1142 sagt
893 1056 1047 1122 Plautus:
1076 1059 1121 1124 ad
1140 1065 1280 1144 portum,

128 1158 175 1220 aci
195 1157 305 1238 sorum
326 1158 383 1239 ire,
412 1178 462 1220 wo
484 1157 582 1248 keine
605 1157 857 1244 Vertausohung
884 1160 946 1224 mit
967 1161 1003 1224 io
1025 1159 1177 1247 vorliegt,
1207 1185 1279 1227 son-

127 1258 213 1323 dern
236 1280 299 1322 nur
322 1259 374 1323 616
396 1258 561 1344 Richtung
583 1259 666 1325 naob
688 1261 762 1326 dem
786 1261 867 1327 0116
888 1261 945 1326 bin
968 1261 1162 1327 bezeichnet
1183 1263 1277 1328 wird.

126 1360 229 1425 Eben
258 1379 294 1423 so
321 1360 396 1424 Liv.
425 1361 477 1444 35,
505 1361 548 1425 39
575 1360 693 1426 Villius
723 1365 949 1450 quinqueremi
976 1385 1062 1429 nave
1088 1365 1131 1428 ad
1159 1367 1279 1431 ostium

125 1473 248 1550 portus
277 1471 328 1527 est
354 1465 514 1527 invectus.
556 1464 608 1546 37,
641 1465 680 1528 15
707 1465 811 1530 classe
843 1473 912 1529 tota
944 1465 1039 1530 evehi
1073 1465 1116 1528 ad
1149 1475 1279 1553 portum

126 1565 268 1651 Ephesi.
314 1564 357 1629 So
386 1563 439 1628 bei
467 1563 717 1630 Lsndernamen
748 1569 792 1630 im
822 1566 1019 1654 Spdtlatein:
1049 1565 1144 1631 Eutr.
1172 1569 1208 1649 2,
1239 1569 1280 1632 14

125 1687 303 1752 regressus
326 1666 368 1730 ad
389 1665 547 1731 Africam.
578 1667 609 1747 2,
636 1667 674 1731 12
695 1668 738 1732 ad
763 1667 835 1737 Afr.
858 1668 998 1754 profecti
1021 1679 1107 1732 sunt.
1129 1707 1172 1718 —
1195 1668 1280 1733 Mili·

125 1768 274 1834 tarische
296 1765 444 1832 Termini
467 1767 554 1832 sind:
580 1767 673 1832 Caes.
703 1769 734 1835 b.
763 1792 797 1856 g.
824 1772 856 1854 4,
887 1771 926 1834 12
955 1771 1000 1836 66
1020 1770 1279 1852 11116εά661166-

125 1881 219 1936 runt.
260 1868 333 1934 Liv.
361 1871 397 1952 3,
425 1870 467 1933 62
501 1871 644 1957 peditem
676 1893 717 1936 ne
749 1872 792 1936 ad
825 1871 926 1959 pedes
960 1872 1090 1958 quidem
1123 1873 1278 1958 degresso

125 1972 236 2060 equiti
257 1993 368 2058 parem
391 1993 473 2036 esse.
503 1971 554 2054 29,
576 1971 606 2052 2,
629 1972 677 2036 14.
707 1974 739 2056 4,
762 1974 805 2038 40
826 1975 968 2061 equitem
991 1973 1033 2037 ad
1056 1971 1156 2059 pedes
1179 1974 1279 2039 dedu·

125 2075 232 2140 xeris.
268 2073 320 2158 38,
348 2073 400 2156 26,
429 2073 460 2138 3.
493 2075 551 2156 21,
579 2074 621 2137 46
652 2075 694 2141 ad
722 2075 823 2161 pedes
851 2097 963 2162 pugna
990 2085 1135 2140 venerat.
1172 2077 1209 2156 2,
1237 2078 1280 2141 24

124 2198 244 2264 pugna
272 2176 337 2239 iam
364 2177 400 2238 io
431 2196 563 2258 manus,
591 2175 656 2238 iem
685 2178 729 2241 ad
756 2176 885 2262 gladios
914 2186 1059 2242 venerat.
1082 2215 1124 2224 -
1147 2178 1279 2243 Andere

124 2274 393 2364 metaphorische
420 2275 657 2362 Wendungen,
688 2277 743 2342 die
770 2281 939 2364 angeben,
974 2279 1047 2343 wie
1080 2281 1174 2344 weit
1206 2281 1279 2344 eine

126 2377 315 2463 Handlung
336 2378 567 2443 vorschreitet:
591 2379 659 2443 cic.
676 2379 769 2448 Verr.
785 2382 817 2464 5,
841 2383 878 2444 11
903 2403 954 2446 res
978 2382 1022 2446 od
1042 2401 1158 2446 munus
1179 2391 1278 2469 atque

125 2484 174 2549 od
193 2501 341 2565 prquam
374 2481 538 2546 veniebat.
573 2480 615 2544 ad
650 2479 715 2560 Qu.
749 2482 789 2546 fr.
817 2481 853 2566 3,
883 2485 904 2547 4
931 2483 976 2549 ud
1006 2484 1193 2550 iuimicitias
1225 2505 1277 2548 res

124 2583 287 2648 venisset.
323 2603 355 2668 p.
384 2582 478 2648 domo
508 2583 549 2646 34
579 2583 646 2646 und
676 2607 708 2670 p.
741 2583 825 2650 Sest.
855 2585 895 2648 21
925 2607 994 2648 rem
1017 2585 1183 2652 adsersus
1204 2608 1276 2672 per-

124 2688 253 2752 venire.
284 2682 360 2748 Sall.
385 2683 463 2769 Jug.
489 2687 503 2747 1
528 2683 570 2747 ad
593 2683 743 2749 inertiam
758 2708 946 2773 -pessum
969 2685 1065 2751 datus
1089 2699 1148 2752 est.
1180 2687 1277 2754 Caes.

125 2790 161 2854 b.
185 2810 218 2872 g.
241 2785 272 2867 2,
285 2785 336 2850 ’26
364 2788 409 2852 od
435 2787 674 2852 internecionem
701 2788 861 2873 redigere.
895 2788 971 2852 Liv.
1001 2788 1030 2868 9,
1059 2788 1101 2852 26
1129 2788 1275 2853 caedere.

124 2888 216 2954 Vell.
238 2889 270 2970 2,
294 2888 367 2969 110,
389 2888 410 2952 6
432 2909 558 2953 caesus.
591 2888 662 2972 119,
691 2889 712 2952 2
739 2890 921 2963 trucidatus
950 2899 1019 2973 est;
1047 2891 1116 2954 und
1144 2889 1275 2956 dhnlielr

125 2989 216 3056 dfter
242 2990 296 3055 bei
325 2999 478 3076 spa'teren
505 2987 728 3055 Historikern.
758 3030 797 3039 -
826 2993 916 3057 Curt.
946 2993 983 3073 3,
1014 2993 1065 3074 11,
1095 2993 1111 3054 1
1139 2993 1204 3055 iam
1233 2994 1277 3057 ad

125 3095 182 3159 teti
212 3094 332 3158 iactum
364 3101 595 3179 pervenerunt.
629 3131 666 3140 -
703 3095 831 3159 Mutari
863 3095 908 3158 od
938 3094 1107 3158 bedentet:
1148 3102 1274 3159 mutato

125 3195 238 3260 animo
260 3195 407 3260 eonverti
434 3195 493 3277 ad,
522 3194 584 3258 wie
605 3193 681 3257 Liv.
703 3195 755 3277 24,
778 3195 830 3275 26,
856 3196 895 3258 14
922 3195 1053 3259 mutatis
1076 3204 1210 3282 repente
1232 3195 1275 3259 ad

125 3297 387 3362 misericordiam
416 3296 543 3360 animis.
579 3294 657 3360 Tae.
687 3294 719 3360 b.
747 3297 785 3378 5,
817 3298 856 3362 13
882 3297 925 3360 ad
953 3318 1043 3362 vera.
1079 3319 1155 3361 ann.
1178 3297 1209 3380 6,
1232 3285 1274 3361 36

124 3399 196 3464 und
222 3400 271 3482 11,
295 3399 336 3464 33
358 3396 401 3463 ad
423 3399 657 3486 poenitentiam
687 3401 860 3484 (wogegen
888 3399 919 3462 h.
948 3399 978 3481 4,
1006 3399 1046 3463 37
1074 3401 1110 3464 iu
1138 3423 1180 3484 p.,
1211 3400 1274 3464 wie

126 3500 212 3567 anch
248 3502 276 3582 1,
310 3501 353 3566 50
384 3502 419 3565 in
452 3499 581 3567 melius.
617 3523 691 3565 ann.
725 3502 779 3584 12,
808 3501 850 3565 29
885 3501 919 3564 111
947 3499 1160 3587 superbiam).
1206 3499 1278 3563 Ani

125 3603 290 3689 Ellipse
318 3601 451 3667 beruht:
480 3601 585 3666 Plaut.
614 3601 712 3668 Stich.
744 3603 806 3668 596
836 3605 880 3668 ud
906 3625 1014 3669 aarum
1040 3601 1138 3667 hodie
1165 3603 1273 3666 hercle

125 3705 191 3769 alio
223 3705 358 3792 promisi
384 3703 474 3769 foras
508 3705 592 3788 (soil.
621 3727 672 3769 me
700 3709 900 3786 venturum).
943 3705 1011 3770 Oie.
1040 3705 1080 3768 66
1110 3727 1154 3768 or.
1186 3705 1224 3786 2,
1254 3706 1271 3770 7

126 3806 216 3894 quod
245 3805 287 3870 sd
315 3805 449 3871 fratrem
481 3807 685 3894 promiserat.
720 3807 859 3872 Phaedr.
886 3807 919 3888 4,
949 3807 999 3886 24,
1032 3807 1081 3871 15.
1112 3805 1197 3870 Plin.
1220 3829 1271 3893 ep.

128 3910 158 3992 1,
183 3909 234 3990 15,
261 3911 287 3972 1.

213 4009 301 4076 Stati
316 4009 501 4074 dosDativs
513 4009 567 4075 bei
579 4010 642 4074 den
654 4009 774 4075 Verbis
790 4009 944 4074 melden
961 4008 1270 4075 undsohreiben:

126 4112 234 4178 Plaut.
257 4111 327 4176 Mil.
354 4113 413 4175 116
440 4122 476 4176 ut
503 4133 573 4176 earn
601 4133 669 4176 rem
693 4111 900 4198 Naupactum
916 4101 969 4177 66
996 4133 1086 4175 erum
1114 4113 1270 4178 nuntiem.

127 4215 223 4302 Capt.
253 4215 285 4298 2,
312 4214 345 4296 2,
378 4215 437 4280 109
466 4235 549 4302 quae
577 4212 617 4280 ad
646 4225 772 4300 patrem
800 4215 851 4277 vis
882 4214 1037 4279 nuntiari.
1066 4253 1106 4262 —
1134 4216 1200 4280 oie.
1228 4214 1271 4280 ad

126 4321 197 4382 Art.
228 4319 257 4398 1,
287 4317 318 4398 8,
347 4317 368 4380 2
395 4317 436 4381 66
465 4319 583 4403 quibus
613 4315 656 4380 ad
685 4339 736 4380 me
766 4316 948 4403 scripsisti3
975 4317 1045 4381 und
1071 4317 1271 4384 1661161111

126 4417 189 4484 den
212 4417 356 4484 Briefen.
382 4445 420 4466 -’-
444 4418 531 4484 Statt
559 4418 731 4484 desselben
759 4418 879 4484 Casus:
907 4418 982 4485 Liv.
1009 4419 1061 4501 27,
1092 4419 1131 4484 15
1157 4418 1201 4484 ad
1229 4419 1271 4502 Q.

125 4522 279 4588 Fulvium
314 4557 355 4567 —-
387 4522 571 4586 dediderunt
602 4543 681 4586 sese.
721 4521 751 4604 8,
786 4521 828 4585 25
862 4521 986 4588 6661116
1019 4520 1061 4585 ad
1095 4522 1270 4588 Romanos.

988 4641 1043 4694 35*
