3130 5150
594 411 809 476 „45-

129 561 224 624 tertio
253 565 313 626 etc.
344 562 441 626 sowie
471 561 522 626 die
549 562 685 649 librigen
713 567 935 648 sogenannten
967 564 1130 630 Adverbia
1157 565 1216 629 551
1240 586 1274 631 o:

128 684 210 746 sero,
231 663 326 747 salso,
350 667 436 728 certo
457 686 488 728 5.
511 686 540 729 5.
565 667 594 745 5.
617 665 669 748 61,
692 687 719 730 0.

213 769 244 845 5.
268 765 318 828 24.
353 766 415 829 Am
430 765 611 850 htufigsten
626 765 788 832 erecheint
808 767 864 832 der
878 766 1030 852 singular
1051 767 1107 832 der
1128 766 1273 832 5555155-

128 865 260 930 tivirten
283 866 452 951 Adjectiva
478 869 593 932 neutra
621 865 823 953 abhitngig
844 889 919 932 von
942 867 1273 953 Prapositionen,

128 965 209 1030 doch
232 967 277 1031 151
298 966 402 1032 dieser
423 967 524 1033 echon
546 969 589 1033 im
613 968 864 1034 archaietiechen
886 969 999 1035 Latein
1027 970 1190 1035 bemerkte
1213 969 1272 1035 Ge·

128 1066 250 1133 branch
274 1069 324 1132 bei
347 1069 409 1133 den
432 1069 619 1137 Klassikern
641 1070 724 1135 noch
742 1068 888 1134 ziemlich
904 1069 1163 1155 eingeschrfinlrt,
1185 1071 1273 1137 weh-

128 1169 205 1234 rcnd
226 1169 344 1253 Livius,
368 1169 502 1255 Seneca,
525 1165 1095 1256 *15511555515555155518511555
1117 1172 1179 1237 viel
1201 1173 1274 1237 wei-

127 1274 176 1335 ter
187 1270 314 1358 gehen.
359 1270 410 1336 Ι)5
432 1273 512 1337 viole
528 1273 586 1338 der
605 1273 779 1359 folgenden
801 1273 932 1356 Stellen,
956 1273 1128 1339 besonders
1143 1274 1274 1358 diejeni·

128 1394 191 1457 gon
214 1395 273 1437 555
296 1371 408 1439 (liceto
431 1375 495 1438 und
517 1373 637 1454 Livius,
660 1376 760 1439 echon
784 1374 835 1439 bei
856 1373 1009 1458 Nligelsb.
1033 1373 1103 1440 Stil.
1128 1379 1159 1456 §-
1176 1374 1214 1440 21
1240 1397 1271 1440 5.

128 1474 170 1538 22
193 1473 318 1558 stehen,
342 1495 377 1539 50
400 1474 472 1540 sind
494 1476 629 1541 manche
646 1475 750 1542 1111515
765 1475 942 1560 abgelrdmt
956 1476 1021 1541 und
1041 1476 1124 1541 ohne
1140 1473 1271 1541 Zahlen.

211 1575 347 1640 Plaut.
372 1573 459 1641 Trin.
482 1577 513 1659 2,
536 1578 568 1659 4,
592 1577 709 1642 19315
732 1577 883 1662 ambiguo
906 1581 964 1642 551.
988 1578 1018 1660 3,
1041 1577 1071 1657 2,
1095 1577 1136 1643 86
1166 1579 1201 1641 15
1222 1599 1273 1643 55-

129 1677 225 1742 culto.
244 1677 342 1742 Poen.
363 1681 390 1760 l,
406 1677 435 1761 2,
461 1679 519 1744 141
542 1679 577 1742 15
599 1699 724 1744 cassum
739 1677 911 1763 (5511555.)
927 1679 958 1762 5,
974 1680 1005 1762 5,
1021 1680 1064 1742 42
1086 1679 1119 1742 15
1142 1681 1270 1744 serium.

128 1777 247 1844 Bacch.
273 1781 301 1860 1,
326 1781 353 1860 1,
375 1780 418 1844 46
440 1779 479 1844 (15
500 1778 616 1845 subito.
641 1779 732 1844 Asin.
755 1779 786 1862 2,
802 1780 834 1861 2,
850 1779 893 1844 20
914 1779 946 1842 15
970 1798 1145 1844 commune.
1175 1777 1272 1846 Oato

128 1903 153 1944 r.
168 1903 194 1944 r.
212 1883 285 1964 156,
308 1881 329 1945 3
351 1881 386 1944 in
408 1901 530 1970 sereno,
554 1879 637 1946 Ter.
660 1879 744 1946 Eun.
767 1880 798 1964 4,
823 1881 853 1962 7,
878 1879 916 1944 11
939 1902 977 1945 er
1006 1880 1142 1945 occulto.
1167 1880 1270 1948 Andr.

129 1983 158 2065 3,
181 1982 213 2064 3,
239 1983 334 2046 1615
357 1982 734 2066 5οι5ι5555555551555.Ι

213 2081 371 2148 Cicero:
393 2083 428 2147 in
449 2083 597 2166 medium,
623 2082 800 2165 demedio,
824 2083 858 2146 in
879 2081 1019 2167 publico,
1042 2083 1077 2147 in
1098 2082 1271 2167 publicum,

130 2185 168 2248 de
188 2183 330 2268 publico,
352 2184 387 2248 in
409 2183 545 2267 excelso,
569 2184 740 2267 profundo,
768 2183 905 2268 occulto,
933 2183 1116 2269 tranquillo,
1139 2185 1214 2265 alto,
1238 2185 1272 2250 in

128 2286 248 2368 altum,
283 2307 321 2350 ex
347 2284 431 2369 alto,
454 2285 488 2350 in
510 2289 694 2371 angustum,
718 2286 876 2370 exiguum,
900 2287 1101 2369 immensum,
1124 2286 1163 2350 de
1189 2307 1272 2351 com·

129 2389 218 2452 muni
236 2407 333 2470 „vom
347 2387 589 2472 gemeinsamen
604 2387 822 2472 Vermdgen‘ss
846 2407 904 2470 pro
921 2391 1015 2466 certo,
1039 2386 1078 2451 do
1093 2390 1210 2471 cetero,
1234 2409 1272 2452 ex

128 2488 291 2574 ambiguo,
319 2489 536 2573 econtrario,
565 2510 604 2553 ex
633 2509 734 2552 sacro.
784 2487 835 2552 le
857 2509 976 2572 sponso
999 2487 1068 2573 egit
1088 2510 1119 2572 p.
1144 2487 1270 2563 Quinct.

127 2591 156 2674 9,
180 2590 232 2655 32.
262 2589 302 2654 ad
330 2590 537 2656 constitutum
567 2612 599 2675 p.
623 2589 716 2655 (laec.
750 2589 889 2654 121111.
922 2589 970 2668 12,
996 2597 1024 2653 1.
1052 2610 1156 2674 noque
1177 2591 1209 2653 id
1233 2591 1272 2656 ad

127 2693 234 2755 vivum
256 2712 363 2756 reseco
385 2691 473 2756 Lael.
495 2693 525 2774 5,
552 2692 600 2756 18.
623 2691 749 2754 derivo
771 2711 867 2772 „vom
882 2689 1012 2774 Kapital
1027 2691 1090 2755 ab“
1109 2713 1140 2775 p.
1157 2690 1272 2756 Flacco

128 2793 179 2858 37.
207 2791 296 2858 Verr.
319 2795 350 2872 3,
366 2795 417 2858 50.
441 2793 475 2858 15
499 2793 628 2858 dubium
653 2793 760 2857 venire
782 2791 848 2856 und
871 2812 992 2856 vocare.
1015 2791 1050 2856 in
1072 2791 1203 2857 dubium
1225 2793 1273 2857 in-

129 2899 314 2979 certumque
336 2895 570 2960 revocabuntur
591 2917 622 2979 p.
647 2893 741 2960 Caco.
765 2896 795 2975 ξ.
819 2894 869 2959 16.
894 2915 913 2958 5
935 2891 1090 2958 deteriore
1112 2895 1151 2958 do
1174 2917 1218 2958 or.
1241 2897 1272 2979 3,

128 2997 159 3062 9.
189 3035 228 3046 -
260 2995 415 3080 Weniger
442 2995 602 3061 zahlreich
630 2996 701 3060 sind
724 2995 775 3059 bei
798 2994 909 3061 Cicero
939 2995 990 3058 die
1020 2996 1272 3078 temporalen

128 3096 330 3162 Ausdrdclre:
357 3119 377 3161 a
397 3097 510 3182 primo,
533 3097 573 3162 ad
595 3100 782 3178 extremum,
810 3096 846 3161 in
868 3099 1019 3179 extremo,
1043 3096 1076 3159 in
1099 3099 1271 3180 posterum,

127 3200 162 3264 in
184 3219 353 3283 praesens,
375 3199 410 3262 in
431 3199 604 3281 praesenti.

212 3301 379 3367 Caesar:
402 3300 433 3363 b.
455 3321 487 3385 g.
510 3299 600 3383 2,25
622 3321 689 3364 rem
711 3300 837 3364 555515
859 3301 1006 3384 angusto.
1029 3299 1061 3381 4,
1085 3298 1182 3362 2415
1205 3298 1271 3364 5115

127 3402 289 3468 505511151.
313 3402 355 3467 28
383 3402 416 3465 15
439 3403 540 3466 altum
561 3403 740 3485 provectae.
763 3403 805 3466 25
827 3423 865 3466 ex
887 3400 984 3465 arido.
1007 3401 1049 3465 29
1076 3401 1110 3464 15
1137 3400 1270 3466 aridum.

127 3505 198 3588 6,1
232 3525 303 3568 sese
334 3525 408 3567 5555
441 3503 660 3587 exercitusque
692 3504 838 3568 fortunas
866 3503 899 3566 in
927 3502 1057 3567 dubium
1086 3523 1151 3567 non
1180 3503 1270 3567 devo·
1383 3492 1386 3500 ¹

127 3609 282 3670 catorum.

211 3705 381 3773 Sallust:
415 3705 510 3772 Catil.
534 3707 554 3771 8
577 3727 615 3772 ex
637 3705 780 3771 lubidine
803 3706 906 3792 magis
929 3727 1024 3790 quam
1046 3727 1085 3769 ex
1101 3725 1176 3770 vero
1193 3706 1271 3770 cele·

128 3807 208 3872 brat.
233 3808 273 3872 13
295 3807 483 3892 pudicitiam
499 3807 534 3872 in
548 3808 718 3892 propatulo
734 3807 860 3872 habere.
876 3809 916 3873 41
934 3809 968 3872 in
983 3808 1105 3874 incerto
1120 3806 1269 3872 habuere.

127 3909 179 3992 51,
203 3909 242 3974 12
264 3909 300 3972 15
322 3909 458 3974 obscuro
480 3909 581 3998 vitam
603 3908 787 3974 habent-
809 3909 844 3973 in
863 3909 987 3974 excelso
1004 3912 1142 3974 aetatem
1158 3913 1270 3994 agunt.

127 4009 182 4093 52,
204 4009 378 4075 61155ιὶ55
407 4014 440 4075 et
467 4010 577 4075 anima
606 4013 718 4074 nostra
744 4011 779 4073 in
807 4010 903 4076 dubio
926 4015 983 4076 eet.
1005 4011 1082 4096 lug.
1105 4011 1146 4076 38
1168 4011 1202 4074 15
1224 4010 1272 4074 15-

129 4115 216 4176 certo
238 4116 306 4176 orat
326 4133 385 4196 „ee
407 4133 473 4176 war
493 4112 687 4196 ungewiss.“
731 4113 828 4177 ’1315
855 4111 956 4176 maius
983 4111 1150 4177 celebrare.
1174 4112 1269 4196 frgm.

127 4214 160 4296 3,
183 4213 223 4276 64
244 4211 278 4276 15
305 4215 407 4279 maius
435 4216 688 4297 componentem.
714 4215 741 4296 1,
763 4215 784 4278 3
805 4207 897 4297 plura
912 4251 950 4260 -
973 4214 1008 4278 in
1030 4214 1167 4278 deterius
1189 4233 1271 4277 com·
1378 4307 1382 4314 ι

127 4313 243 4397 poenit
266 4313 316 4398 92,
338 4317 360 4379 5
382 4315 417 4378 15
439 4314 632 4379 immensum
654 4313 751 4400 (auch
774 4313 855 4380 Ovid
877 4336 919 4377 m.
941 4314 972 4394 2,
995 4315 1082 4400 220).

214 4414 309 4480 Bell.
334 4413 416 4479 Alr.
440 4415 482 4480 84
503 4416 538 4480 in
560 4416 695 4481 sublime
717 4415 843 4480 extollit
863 4419 1030 4481 armatum.

214 4515 351 4582 Livius
379 4514 481 4582 bildet
510 4518 741 4604 voraugrweise
775 4517 893 4604 locale,
932 4517 1070 4588 seltener
1096 4521 1271 4606 temporale
