3050 5146
728 473 764 482 -
810 433 957 498 222-

268 586 331 650 6161
354 585 440 652 forte
462 587 660 652 existimatis
683 608 755 651 eum
778 588 813 654 in
836 588 912 653 vino
934 611 974 652 ao
1001 586 1082 653 luxu
1104 611 1170 654 non
1197 589 1328 669 risisse,
1355 587 1406 675 qni
1514 617 1515 620 ¹

267 709 354 756 nune
384 689 417 754 in
446 687 590 775 periculo
618 697 717 772 atque
739 691 841 756 exitio
871 711 930 756 suo
958 691 1059 755 risum
1082 699 1194 754 tenere
1220 711 1284 755 non
1302 691 1405 773 66661.

267 812 318 876 66.
341 791 382 854 61
410 811 475 876 qua
501 790 704 877 impudentia
734 793 858 877 6616116
886 813 960 856 eum
988 790 1022 857 in
1050 791 1271 858 dominatione
1299 791 1406 876 foisse,
1514 799 1515 870 ξ

266 891 325 978 qui
347 891 380 955 in
404 891 484 976 fuga
505 902 572 958 tam
594 892 761 980 improbus
782 895 836 960 su.
859 892 901 958 ad
918 891 985 974 Qu.
1008 891 1049 958 ir.
1076 895 1103 974 1,
1124 893 1155 974 3,
1177 893 1210 959 5.
1245 891 1296 957 Im
1320 893 1406 958 Per·

267 991 366 1058 feet:
404 1016 434 1077 p.
458 991 526 1060 Mil.
547 995 601 1078 33,
624 995 662 1059 91
694 1004 726 1060 61
753 1004 830 1061 sunt
857 996 914 1082 qni
941 993 983 1059 de
1012 995 1066 1060 via
1088 995 1196 1083 Appia
1221 1004 1407 1083 querantur,

266 1105 397 1159 taceant
419 1094 459 1159 de
480 1095 595 1161 euna?
623 1105 656 1163 et
677 1097 733 1183 qui
756 1095 799 1162 ab
822 1118 861 1164 eo
883 1096 1031 1183 spirante
1053 1095 1159 1162 forum
1183 1106 1299 1185 putent
1322 1107 1408 1184 potu·

267 1197 334 1260 isse
355 1193 502 1278 defendi,
525 1199 616 1263 ouius
638 1221 703 1263 non
725 1200 872 1266 restiterit
892 1197 1046 1264 cadaveri
1067 1197 1182 1264 ouria?
1206 1199 1283 1282 (Die
1299 1199 1408 1284 Fulge,

268 1295 344 1364 dass
372 1297 513 1364 numtich
542 1299 596 1364 die
618 1299 716 1366 Curio
744 1299 921 1366 verbrannt
948 1300 993 1365 ist
1018 1299 1085 1366 und
1113 1301 1203 1366 nieht
1228 1299 1324 1366 mehr
1344 1302 1408 1366 exi·

269 1401 355 1485 stirt,
378 1397 459 1466 6166
483 1399 699 1485 bezeichnen)
722 1424 754 1488 p.
773 1401 868 1468 Gneo.
887 1402 937 1485 13,
959 1403 1012 1468 36.
1035 1401 1114 1468 sum.
1134 1403 1183 1486 11,
1207 1404 1237 1488 1,
1258 1402 1292 1468 2.
1318 1402 1408 1468 Verr.

267 1500 313 1583 II,
340 1501 443 1584 1,56,
469 1502 540 1567 148.
577 1526 608 1589 p.
632 1501 727 1568 domo
749 1501 802 1586 33,
825 1503 878 1568 88.
914 1503 986 1569 Att.
1013 1504 1061 1586 16,
1084 1504 1155 1585 2,]
1186 1527 1261 1570 eum
1284 1504 1408 1586 videas,

268 1615 425 1690 quantum
449 1605 490 1670 de
513 1605 583 1670 iuro
605 1613 716 1670 nostro
739 1604 990 1688 decesserimus,
1014 1606 1069 1693 qui
1093 1644 1129 1654 —
1153 1608 1348 1674 solverimus.
1374 1646 1405 1656 -

263 1704 316 1770 Es
339 1705 487 1770 versteht
509 1706 579 1771 sich
600 1729 665 1772 von
688 1705 802 1790 selbst,
824 1706 886 1772 das
908 1708 960 1774 die
982 1707 1134 1773 Relativa
1154 1707 1323 1794 generalia
1343 1713 1408 1792 qni·

267 1828 388 1890 cunqrte
410 1808 477 1872 und
499 1809 642 1891 quisquis
663 1809 761 1874 keine
777 1807 966 1875 Ausnahme
989 1809 1141 1874 machon:
1164 1833 1197 1898 p.
1220 1809 1358 1890 Caei.·2,
1379 1813 1407 1878 3.

268 1907 396 1976 016661.
419 1909 472 1992 61,
497 1911 565 1976 169.
589 1909 630 1974 de
658 1932 704 1975 or.
730 1913 757 1990 l,
779 1911 834 1988 25,
859 1912 928 1975 111.
958 1909 1035 1976 farn.
1063 1913 1093 1995 6,
1120 1913 1169 1994 18,
1191 1912 1223 1976 4.
1247 1913 1277 1994 9,
1310 1915 1359 1995 16,
1379 1914 1407 1981 2.

223 2067 226 2074 .
267 2012 338 2078 Α11.
364 2013 413 2088 11,
434 2012 467 2094 6,
489 2012 521 2077 3.
544 2021 626 2082 orat.
647 2011 699 2092 59,
722 2012 795 2076 200.
824 2010 892 2081 div.
914 2013 946 2096 2,
969 2013 1022 2095 46,
1045 2013 1098 2078 91.
1129 2014 1205 2079 iem.
1231 2015 1283 2098 10,
1303 2015 1358 2098 32,
1379 2017 1407 2081 5.

352 2115 382 2176 4.
406 2112 741 2200 Temporalstttze
764 2112 812 2178 als
829 2112 1036 2180 Nehenstttze
1059 2116 1191 2180 nweiter
1212 2115 1335 2181 Kiosse
1356 2116 1406 2180 be·

267 2212 378 2279 hatten
406 2215 459 2279 die
487 2215 651 2301 Tempora
678 2214 738 2280 der
764 2213 936 2280 einiachen
965 2215 1233 2302 Abhttngigkeit,
1263 2239 1326 2282 nur
1355 2219 1409 2283 der

268 2316 467 2403 Oonjunctiv
487 2317 576 2382 eines
593 2318 808 2383 historischen
823 2315 983 2382 Praesens
1006 2316 1133 2384 kommt
1147 2319 1237 2384 nieht
1254 2341 1323 2385 vor.
1347 2319 1407 2384 Die

267 2416 435 2484 einzelnen
457 2417 721 2507 Oonjunctionen
744 2418 819 2483 sind

351 2521 393 2584 Α.
415 2540 495 2585 eum.
519 2543 548 2586 a.
571 2522 631 2586 mit
652 2521 917 2587 Praeteritis:
941 2544 973 2608 p.
997 2520 1086 2588 ani.
1108 2521 1151 2587 26
1173 2523 1221 2588 616
1243 2523 1329 2588 enim
1352 2523 1406 2588 m-

266 2631 358 2707 guut,
379 2645 452 2687 eum
468 2621 614 2688 Licinius
637 2623 793 2704 venisset,
815 2622 973 2710 pyxidem
992 2632 1117 2689 teneret
1131 2624 1165 2688 in
1180 2645 1291 2706 manu,
1312 2645 1406 2690 cons·

263 2735 355 2790 retur
370 2723 509 2808 tradere,
532 2724 676 2790 nondum
692 2724 892 2806 tradidisset,
915 2735 984 2791 tum
999 2735 1133 2812 repente
1155 2725 1304 2792 evolasse
1318 2727 1406 2792 istos.

264 2825 298 2891 in
321 2826 397 2893 Vat
423 2827 462 2891 14
483 2848 616 2914 quaero,
637 2849 711 2892 eum
734 2828 764 2892 is
785 2826 858 2892 dies
880 2828 1036 2909 venisset,
1059 2829 1227 2909 fecerisne,
1249 2829 1338 2915 quod
1358 2838 1407 2893 est

266 2930 397 2995 omnino
426 2927 621 2995 inauditum.
650 2953 682 3017 p.
705 2928 790 2994 Mur.
817 2929 865 3013 15,
887 2930 940 2994 33.
969 2929 1064 3032 Tusa.
1088 2930 1121 3011 3,
1142 2929 1195 3011 24,
1216 2929 1269 2996 59.
1297 2929 1353 2994 fin.
1374 2930 1404 3010 2,

264 3031 318 3112 20,
339 3030 393 3096 65.
416 3053 447 3117 p.
471 3030 575 3097 Balbo
604 3031 654 3114 19
677 3030 730 3095 43.
760 3028 898 3112 phire,
922 3031 953 3112 1,
981 3011 1135 3096 tiniam.
1167 3033 1216 3114 ll,
1242 3031 1291 3112 16,
1316 3033 1344 3096 1.
1366 3068 1405 3080 -

266 3132 297 3196 h.
321 3133 381 3196 mit
403 3131 478 3196 dem
490 3079 690 3220 Conjuneiiv
712 3131 770 3197 des
792 3079 995 3198 Perieeis.
1020 3156 1051 3219 p.
1065 3131 1162 3198 domo
1188 3079 1226 3198 1'3
1248 3133 1335 3220 quod
1356 3141 1405 3198 est

265 3234 317 3298 ius
338 3233 546 3320 adoptionis?
590 3235 715 3321 Nempe
738 3244 774 3300 61
795 3235 824 3297 16
845 3233 995 3320 6666161,
1024 3235 1080 3320 qui
1108 3256 1214 3321 neque
1236 3255 1404 3321 procreare

264 3334 328 3398 iam
351 3333 474 3404 liberos
493 3337 598 3422 possit
618 3345 660 3417 61,
683 3357 756 3402 oum
779 3335 937 3422 potuerit,
964 3336 1009 3400 sit
1034 3344 1199 3422 expertus.
1221 3357 1290 3424 rep.
1315 3339 1342 3417 1,
1368 3337 1403 3400 11

264 3437 336 3524 quis
364 3436 450 3503 enim
479 3445 591 3524 putare
619 3459 696 3502 vere
725 3446 848 3524 potest,
875 3436 948 3524 plus
976 3439 1085 3522 egisse
1106 3437 1305 3526 Dionysium
1327 3449 1402 3516 tum,

264 3560 336 3603 eum
359 3537 490 3605 civibus
512 3539 581 3604 auis
604 3539 760 3626 eripuerit
781 3537 978 3622 libertatem,
1001 3561 1099 3626 quam
1121 3539 1192 3605 eius
1215 3541 1402 3606 616661111-

264 3639 456 3724 ehimedem,
478 3663 553 3706 cum
574 3642 670 3706 istam
685 3641 791 3728 ipsam
805 3641 977 3727 sphaeram
992 3641 1157 3708 effecerit?
1179 3642 1279 3708 Tuso.
1300 3641 1332 3724 4,
1352 3641 1401 3718 22,
1439 3693 1442 3702 .

263 3743 315 3808 50.
338 3741 423 3809 Phil.
445 3743 478 3826 2,
500 3745 553 3827 33,
576 3742 626 3808 84.
649 3743 680 3826 3,
702 3741 733 3824 8,
755 3743 807 3806 21.
830 3766 863 3830 6.
879 3742 976 3809 Osee.
1002 3743 1053 3828 12,
1075 3744 1128 3810 33.
1151 3745 1223 3810 Au.
1238 3743 1271 3828 5,
1286 3742 1338 3826 21,
1353 3742 1400 3808 13.

263 3845 305 3910 66
328 3843 393 3925 Qu.
416 3845 458 3910 fr.
480 3846 510 3928 3,
536 3846 564 3926 1,
588 3846 607 3909 1
629 3843 750 3928 ἓ.25.’

349 3945 387 4010 B.
410 3946 503 4013 Naeh
519 3951 705 4032 postquem,
733 3967 803 4012 oum
821 3949 980 4030 6616166,
1009 3951 1056 4029 61,
1084 3952 1120 4013 61
1135 3945 1401 4031 6666611611

263 4048 296 4112 in
320 4047 379 4114 der
400 4047 502 4138 Rege!
524 4071 555 4114 6.
578 4047 636 4113 das
660 4048 836 4114 Perieet:
860 4049 939 4115 ism.
960 4049 991 4130 4,
1012 4048 1045 4132 4,
1067 4049 1088 4115 3
1110 4071 1186 4114 uam
1209 4047 1398 4114 616166661-

264 4151 392 4216 stimes:
421 4160 494 4238 post
519 4150 579 4216 has
606 4150 755 4216 miserias
777 4150 811 4214 id
839 4160 889 4216 est
911 4159 1085 4238 postquam
1106 4152 1207 4216 armis
1229 4147 1398 4238 disceptari

264 4263 414 4340 coeptum
436 4253 480 4318 sit
501 4251 557 4338 (al.
579 4253 637 4337 est)
660 4252 701 4317 de
723 4252 793 4317 iure
815 4249 962 4339 publico,
986 4250 1067 4318 nihil
1089 4275 1162 4318 esse
1183 4263 1293 4320 aetum
1314 4249 1396 4318 aliud

263 4377 337 4420 cum
364 4354 537 4439 dignitate.
565 4355 596 4436 8,
626 4355 677 4436 16,
707 4356 723 4418 1
753 4353 831 4420 6666
859 4353 1071 4440 hominesque
1101 4393 1139 4402 —
1168 4355 1325 4436 testificor
1350 4373 1395 4417 me

262 4456 325 4522 tibi
347 4453 552 4543 praedixisse
573 4478 681 4542 neque
701 4465 821 4520 temere
844 4457 1020 4537 monuisse,
1046 4455 1106 4522 sed
1128 4468 1298 4544 postquam
1320 4455 1394 4522 cee-

264 4581 370 4626 sarem
398 4557 606 4626 convenerim
637 4559 895 4645 sententiamque
925 4558 1012 4642 6166,
1047 4557 1154 4645 qualis
1180 4559 1290 4626 futuru
1317 4561 1393 4623 esset
