3050 5146
570 440 611 451 -
655 405 714 469 201
761 443 801 452 -

139 554 294 621 ubhnlichc
306 554 433 642 Ellipse
446 555 504 622 des
522 557 623 622 Verbi
640 555 771 622 dicendi
788 557 832 622 im
850 557 1023 628 eiufachen
1041 558 1138 622 Satzc
1156 558 1253 630 Statt.

204 657 231 721 4.
272 656 509 745 Temporale
531 657 715 744 Ellipse,
738 657 807 724 und
829 680 917 724 awar

203 760 232 842 a)
255 758 305 824 bei
328 769 420 826 sonst
441 757 748 846 gleichartiger
769 761 868 826 Form
891 760 952 825 der
974 759 1103 843 Verba,
1134 761 1254 826 sowohl

132 881 166 924 an
185 869 279 926 erster
300 861 349 926 als
372 883 414 926 an
436 863 571 927 aweiter
592 860 708 927 Stelle:
740 861 809 928 cie.
836 861 923 948 legg.
949 864 977 944 1,
1000 862 1021 926 5
1048 883 1254 948 11111111-

130 960 191 1026 dam
211 984 229 1026 a
251 962 360 1028 multis
383 961 480 1028 claris
496 963 577 1027 viris
601 962 864 1049 (sustinebatur),
887 984 974 1028 nunc
990 962 1031 1028 ab
1048 985 1110 1028 uno
1126 986 1255 1031 summa

129 1065 302 1129 auctoritato
329 1074 363 1128 et
385 1064 523 1131 scientia
551 1066 745 1130 sustinetur.
778 1064 845 1130 div.
880 1066 909 1147 1,
936 1064 973 1130 16
1002 1059 1075 1128 nam
1105 1073 1141 1129 ut
1168 1088 1254 1130 nunc

128 1167 199 1230 extis
219 1167 370 1252 (magnae
392 1187 445 1231 res
466 1165 629 1252 impetriri
650 1163 780 1248 solent),
804 1167 851 1231 sic
875 1176 951 1231 tune
974 1165 1092 1232 avibus
1116 1189 1254 1252 magnac

126 1289 168 1332 res
190 1267 346 1354 impetriri
374 1267 531 1332 solebant.
566 1267 664 1333 Taso.
696 1269 725 1350 1,
748 1268 801 1350 21,
829 1267 871 1333 49
899 1276 948 1332 tot
974 1278 1082 1334 autem
1112 1269 1253 1338 rationes

125 1367 231 1452 attulit,
254 1379 290 1435 11
312 1367 398 1436 velle
427 1369 544 1434 ceteris
572 1369 814 1455 (persuadere),
842 1367 905 1434 sibi
934 1378 1022 1434 eerte
1050 1371 1253 1457 persuasisse

126 1470 270 1536 rideatur.
303 1469 382 1535 fam.
406 1470 436 1554 1,
458 1469 510 1550 24,
536 1474 564 1535 1.
597 1470 911 1554 Τ111.1,24,117.ν
945 1469 1253 1557 Τ1111111,1,25

124 1572 178 1636 iam
203 1611 241 1620 -
268 1571 365 1638 modo
392 1594 457 1637 non
486 1570 607 1658 (potui)
636 1593 768 1658 possum
795 1581 964 1637 contentus
993 1573 1107 1637 vivere
1139 1595 1251 1660 parvo.

123 1671 216 1738 Ovid
237 1696 280 1738 m.
305 1673 357 1755 13,
381 1673 442 1738 138
464 1695 548 1759 quae
570 1695 655 1738 nunc
678 1694 737 1759 pro
761 1674 892 1740 domino
909 1671 1091 1760 (loquitur),
1114 1697 1173 1762 pro
1196 1696 1251 1740 vo-

124 1773 167 1840 bis
186 1797 282 1863 saepe
303 1773 411 1840 locuta
433 1784 491 1840 est.
514 1774 598 1840 Liv.
622 1775 676 1858 36,
700 1775 717 1838 7
741 1777 797 1861 qui
821 1797 876 1842 eas
899 1775 987 1840 vires
1008 1775 1138 1855 afferat,
1167 1798 1251 1863 quae

122 1899 177 1942 uon
197 1877 340 1944 accessio
357 1885 484 1942 tantum
506 1876 550 1941 ad
573 1877 756 1941 Romanum
779 1899 853 1942 esse
868 1875 990 1944 bellum
1005 1877 1176 1965 (possint),
1193 1878 1251 1943 sed

121 2001 170 2064 per
189 2001 221 2042 se
243 1979 335 2065 ipsae
358 2000 463 2065 nuper
484 1979 646 2044 sustinere
668 1978 843 2063 potuerint.
867 1977 956 2044 Tae.
981 1977 1056 2044 G.2
1085 1981 1250 2065 quoniam,

119 2081 166 2164 qui
196 2079 291 2167 primi
318 2079 469 2145 Rhenum
501 2079 700 2165 transgressi
733 2078 846 2146 Gallos
879 2077 1067 2165 expulerint
1097 2103 1137 2146 ac
1164 2105 1251 2146 nunc

119 2181 229 2267 Tungri
252 2181 451 2268 (vocentur),
474 2190 551 2246 tune
574 2181 731 2246 Germani
754 2182 862 2248 vocati
886 2183 960 2246 sint.
984 2181 1249 2269 36111011011111

118 2283 185 2348 boni
206 2285 367 2371 aequique
389 2281 547 2348 Cherusci
572 2283 820 2367 (vocabantur),
843 2304 930 2347 nunc
952 2283 1074 2350 inertes
1097 2306 1136 2350 ac
1158 2285 1251 2354 stulti

119 2397 274 2450 vocantur.
297 2421 341 2434 -
363 2383 417 2450 An
439 2385 611 2450 aweitor
632 2383 750 2450 Stella:
775 2382 845 2453 oie.
868 2408 898 2471 p.
923 2384 1014 2452 Sulla
1036 2387 1250 2470 3,10utnec

117 2487 292 2553 testimonio
315 2486 416 2552 fidem
439 2485 539 2551 tribui
562 2486 752 2552 convenerit
780 2507 840 2551 neo
864 2485 1048 2554 defensioni
1076 2490 1251 2555 auctorita-

116 2597 172 2652 tem
193 2589 309 2674 (tribui
331 2588 534 2669 conveniat).
558 2586 692 2652 Laell
721 2585 818 2653 facile
846 2587 880 2652 id
908 2588 1041 2674 quidem
1070 2590 1133 2656 fuit
1159 2590 1250 2656 iusti-

113 2689 182 2754 tiam
203 2689 382 2755 iustissimo
407 2689 477 2754 viro
493 2687 677 2754 defendere.
702 2687 792 2768 Quid
809 2687 1008 2754 amicitiam?
1031 2713 1137 2756 nonne
1153 2691 1251 2756 facile

114 2789 171 2874 (ost
190 2789 382 2878 defendere)
405 2793 434 2858 ei
457 2791 513 2876 qui
537 2801 592 2856 ett.
630 2789 736 2856 Ouid
759 2791 827 2856 her.
859 2791 909 2875 13,
932 2791 973 2854 14
996 2801 1033 2857 11
1058 2794 1166 2878 rapiat
1188 2792 1249 2856 Pa·

113 2891 179 2976 ridi,
201 2916 298 2980 qnam
323 2893 416 2960 Paris
439 2902 515 2958 ante
537 2891 609 2958 tibi.
635 2891 736 2958 Plin.
760 2913 811 2979 ep.
835 2893 867 2975 4,
883 2892 937 2974 22,
962 2892 979 2956 l
1003 2892 1126 2980 placuit
1145 2915 1251 2978 agona

113 2992 184 3076 tolli,
207 2995 261 3082 qui
285 3017 391 3061 mores
408 2994 642 3060 Viennensium
663 2992 834 3075 infecerat,
858 3003 895 3060 ut
909 3003 1023 3060 nostor
1037 2995 1090 3060 hic
1106 2995 1248 3060 omnium

111 3094 220 3177 (mores
243 3095 383 3181 infecit).

187 3197 223 3282 b)
258 3199 330 3262 mit
365 3197 742 3264 Versohiedenheit
772 3197 841 3262 der
874 3197 1021 3262 Persou
1056 3196 1124 3261 des
1155 3198 1249 3264 Vor-

112 3279 235 3364 buins:
273 3322 306 3384 p.
336 3297 428 3365 Sulla
457 3303 485 3380 1,
514 3300 535 3364 2
563 3298 621 3366 sod
647 3309 684 3364 ut
713 3296 767 3362 illc
795 3299 926 3382 (sensit)
957 3335 993 3344 -
1024 3300 1072 3364 sic
1099 3297 1160 3364 hoc
1188 3323 1249 3385 ego

109 3401 217 3466 sentio.
240 3399 326 3466 Phil.
351 3401 380 3482 2,
402 3403 434 3480 5,
460 3402 498 3464 10
521 3422 584 3466 non
608 3399 757 3466 tractabo
780 3409 816 3464 ut
831 3399 1012 3464 consulem:
1037 3424 1077 3465 ne
1100 3399 1156 3466 ille
1178 3403 1248 3488 qui·

110 3499 176 3566 dem
198 3524 249 3566 mc
272 3511 308 3568 ut
323 3501 525 3568 consularem
549 3502 740 3588 (tractavit).
764 3500 874 3566 Plin.
898 3523 970 3587 pan.
996 3503 1035 3566 51
1061 3513 1152 3588 pater
1174 3513 1249 3568 tuus

110 3602 218 3670 usibus
239 3604 309 3670 suis
330 3603 541 3686 detrahebat,
571 3599 660 3689 'quac
689 3603 821 3668 fortuna
848 3601 1000 3668 dederat:
1033 3614 1069 3668 tu
1091 3605 1155 3670 tuis
1179 3603 1249 3688 (de-

108 3703 229 3792 trahis),
252 3705 341 3793 quod
363 3715 456 3792 pater
477 3705 607 3787 (dedit).

184 3807 216 3892 c)
239 3808 311 3872 mit
348 3805 727 3874 Versohiedenheit
760 3806 828 3872 des
863 3805 1023 3889 Modus,
1057 3805 1163 3872 wobei
1196 3806 1250 3872 die

108 3907 227 3995 Ellipss
255 3906 460 3994 gswdhnlich
487 3929 529 3974 an
559 3909 725 3973 aweiter
748 3906 848 3974 Stella
876 3907 1078 3974 uorkommt:
1123 3908 1191 3977 Cic.
1214 3932 1247 3995 p,

107 4010 212 4098 Dejot.
234 4011 261 4076 4
279 4012 311 4075 in
334 4031 429 4096 quem
458 4031 532 4075 cum
561 4009 608 4074 dii
629 4017 727 4096 atquc
750 4008 896 4074 homiues
919 4010 1029 4076 omnia
1056 4020 1248 4076 ornamenta

107 4112 360 4196 congessissent,
384 4120 452 4177 tum
475 4120 511 4176 tu
534 4113 605 4198 ipso
627 4109 768 4198 plurima
790 4120 823 4178 et
843 4112 987 4176 maxima
1010 4113 1246 4197 (congessisti).

108 4213 158 4276 lin.
181 4214 212 4292 2,
237 4217 263 4294 1,
286 4215 307 4278 2
330 4213 415 4298 quod
439 4235 512 4276 eum
536 4213 711 4295 dixissent,
736 4211 791 4278 illo
814 4222 927 4278 contra
948 4213 1070 4298 (dixit).
1094 4213 1123 4294 2,
1144 4214 1192 4295 12,
1205 4215 1247 4278 35

107 4335 176 4379 cum
199 4353 240 4388 7-
262 4315 411 4394 dixisset,
435 4315 463 4379 si
486 4335 556 4378 eam
574 4315 697 4400 (dixit).
721 4314 804 4378 Phil.
829 4315 1016 4396 23011111
1041 4315 1127 4401 quod
1151 4337 1246 4402 quae-

107 4413 216 4499 rebas,
249 4438 312 4503 quo
336 4417 432 4484 modo
456 4415 632 4482 redissem:
667 4416 773 4503 prima
801 4413 871 4482 luce
900 4415 1024 4500 (rodii).
1068 4417 1175 4482 Suet.
1206 4416 1246 4480 de

109 4537 240 4600 gramm.
273 4518 353 4584 211
384 4519 530 4582 carmina
559 4539 671 4602 parum
701 4517 808 4583 adhuc
837 4516 1007 4604 divulgata
1030 4555 1069 4566 —-
1092 4527 1245 4584 retraeta-
