3068 5138
736 343 884 409 —388
929 381 968 392 -

282 496 399 562 keiuer
426 497 534 560 senten
561 495 662 561 Ncrm
690 496 747 560 dea
776 494 989 562 Gabrauches
1018 495 1159 580 bringen
1179 494 1330 577 kunnan,
1358 495 1418 560 und

280 597 364 662 auch
393 598 428 662 in
455 596 569 662 dienen
591 594 846 681 Verbinduugen
872 595 955 660 wird
983 594 1041 661 der
1061 596 1167 661 Dativ
1195 595 1344 681 htufiger
1371 597 1417 660 bei

281 697 443 764 Dichtern
479 697 547 762 und
582 695 874 762 uachklaaaiacheu
909 695 1120 763 Prosailrern.
1156 734 1195 745 -
1226 697 1418 782 Augeaichta

169 791 177 806 ⁸
281 801 388 864 dieses
421 797 687 864 schwankcndcu
717 798 902 864 Zustaudea
930 805 1063 864 miiaaeu
1095 799 1156 863 wir
1184 798 1254 863 hier
1281 799 1341 863 auf
1366 797 1418 862 dac
1508 847 1509 860 .

283 901 422 967 Streben
449 899 534 964 nach
568 897 800 965 lexikaliacher
827 898 1111 985 Vollatttndigkcit
1144 899 1333 965 verzichten
1358 899 1418 964 und

281 1023 342 1067 uua
372 1001 493 1067 darauf
517 999 763 1084 beachrttnkeu‚
794 1000 852 1065 dae
879 1000 964 1065 oben
992 1000 1138 1086 Gcaagte
1163 999 1268 1066 durch
1299 1002 1419 1085 wenige

282 1102 492 1168 Thateachen
514 1124 557 1166 zu
580 1101 754 1167 erltiutern.
1457 1096 1468 1116 ‘

369 1207 399 1269 1.
425 1202 682 1268 Rttumlichea
716 1200 993 1287 Verhttltniaa‚
1028 1202 1130 1267 durch
1169 1203 1419 1286 Wiedcrhclung

283 1305 341 1370 der
362 1305 571 1392 Pra'pcaition
598 1302 798 1369 bezeichuet.
843 1302 949 1368 Plaut.
977 1304 1070 1370 Asin.
1102 1307 1131 1386 1,
1153 1303 1184 1384 3,
1214 1305 1254 1369 ta
1283 1306 1313 1369 ei
1342 1306 1419 1370 alins
1508 1315 1509 1332 ³

281 1408 326 1472 ad
349 1428 400 1470 me
423 1405 513 1493 prius
542 1403 688 1470 attulerit
712 1405 844 1490 (viginti
874 1405 1004 1488 minae.)
1028 1405 1087 1470 Cic
1109 1405 1173 1490 leg.
1196 1404 1310 1470 Manil.
1333 1407 1364 1488 9,
1384 1407 1420 1472 25
1508 1471 1509 1474 ,

281 1508 449 1572 calamitae
471 1515 564 1572 tauta
585 1505 657 1590 fuit,
680 1516 717 1571 ut
739 1526 812 1570 eam
828 1507 873 1571 ad
886 1527 981 1572 aurea
1003 1504 1192 1570 Luculli-
1206 1528 1318 1572 rumor
1332 1509 1418 1573 affer·
1508 1581 1509 1596 .

282 1618 342 1673 ret.
358 1607 436 1673 fam.
448 1608 481 1689 2,
500 1609 540 1672 14
556 1618 689 1695 propter
705 1607 820 1671 hiemis
838 1607 1097 1693 magnitudinem
1112 1607 1195 1672 nihil
1212 1609 1290 1673 novi
1308 1611 1353 1675 ad
1365 1632 1418 1675 nea
1508 1597 1509 1670 ζ

280 1709 486 1774 afferebatur.
503 1710 577 1774 Liv.
589 1709 642 1790 25,
654 1709 697 1773 40
708 1708 796 1796 quod
808 1709 867 1775 ubi
879 1707 1038 1797 perlatum
1046 1711 1092 1774 ad
1098 1707 1288 1774 Marcellum
1299 1720 1359 1780 cat.
1370 1711 1417 1792 26,

282 1811 325 1875 40
345 1831 419 1876 cum
441 1809 563 1876 clamor
584 1812 629 1876 ad
649 1832 743 1875 aurea
765 1810 949 1876 accidisset.
979 1810 1034 1875 Da
1055 1831 1122 1874 nun
1145 1809 1225 1875 aber
1246 1811 1417 1900 derjenigc‚
1508 1897 1509 1900 Ἴ

283 1912 358 1976 dem
379 1922 479 1977 etwas
501 1911 666 1996 gemcldet
687 1911 785 1995 wird‚
806 1912 888 1976 auch
911 1911 1096 1999 perailnlich
1118 1909 1291 1998 bctheiligt
1312 1913 1363 1996 iat,
1387 1934 1419 1976 sc
1508 1927 1509 1936 ’

283 2011 371 2078 steht
397 2013 432 2076 in
460 2012 647 2078 demaelben
671 2013 772 2077 Sinne
798 2013 858 2077 der
880 2011 998 2079 Datin:
1026 2012 1100 2076 Ter.
1126 2011 1257 2077 Phorm.
1285 2014 1316 2095 3,
1344 2013 1373 2095 2,
1400 2015 1419 2077 5

281 2113 439 2196 mirabar,
469 2115 498 2178 ei
525 2124 560 2178 tu
587 2115 667 2180 milri
696 2114 873 2202 quidquam
901 2113 1033 2179 afferres
1061 2113 1150 2177 novi.
1194 2113 1275 2179 Hec.
1298 2116 1329 2197 5,
1349 2117 1416 2200 4‚1

283 2215 419 2280 vide-
445 2227 483 2279 ut
504 2217 549 2280 mi
577 2215 659 2282 haec
687 2225 778 2280 certa
803 2225 836 2280 et
863 2214 952 2280 clara
980 2212 1139 2280 attuleris.
1165 2214 1231 2281 Cic.
1255 2215 1308 2284 off.
1333 2219 1359 2297 1,
1378 2216 1417 2280 53

281 2318 310 2380 si
332 2319 361 2381 ei
387 2354 420 2365 -
446 2316 554 2381 subito
583 2318 626 2381 eit
652 2315 788 2382 allatum
814 2315 997 2404 periculum
1027 2315 1267 2402 discrimenque
1288 2318 1416 2403 patriae.

246 2454 323 2492 .,-
348 2418 386 2481 ln
414 2417 473 2480 der
499 2417 698 2483 rtumliclren
727 2416 920 2502 Bedeutung
947 2419 1007 2500 „in
1034 2427 1152 2502 etwas,
1182 2418 1218 2481 iu
1250 2419 1321 2482 eine
1341 2417 1416 2480 Ver·

282 2516 466 2603 aammlung
488 2518 650 2603 bringen“
673 2518 760 2583 steht
774 2519 825 2584 die
839 2519 971 2604 Prtpce.
995 2520 1032 2583 ia
1052 2519 1113 2582 mit
1134 2518 1209 2583 dem
1230 2519 1415 2600 Accusativ3

284 2643 321 2686 ec
342 2620 397 2686 bci
420 2620 552 2684 Cicero:
574 2619 690 2685 afferre
718 2619 752 2684 in
779 2619 949 2701 iudicium,
979 2619 1013 2683 in
1034 2619 1156 2685 Rostra
1176 2629 1277 2707 atque
1297 2623 1330 2685 in
1350 2641 1416 2686 ccu-

281 2724 412 2804 tiouem,
429 2721 462 2786 in
478 2742 550 2784 cam
564 2721 724 2786 familiam
739 2719 847 2786 attulit
862 2720 1076 2802 consulatum,
1092 2721 1127 2785 in
1141 2721 1285 2787 medium
1298 2721 1414 2786 afferre.

365 2823 394 2888 2.
424 2821 687 2907 Uebertragenea
717 2820 921 2890 Verhtltniae
949 2821 1007 2886 der
1035 2819 1323 2910 perednlichen
1349 2821 1414 2885 Be·

281 2923 515 3009 thciligung
542 2923 610 2988 dea
632 2923 956 3010 Dativcbjectcs.
1000 2921 1108 2989 Plaut.
1137 2925 1231 2990 Asin.
1260 2925 1292 3006 3,
1322 2927 1350 3008 1,
1375 2923 1411 2986 29

281 3024 407 3090 salvere
429 3047 480 3090 me
503 3025 610 3106 iubes,
639 3027 692 3089 cui
719 3035 755 3090 tu
782 3025 892 3090 abiens
920 3024 1016 3089 affere
1039 3024 1200 3090 morbum.
1245 3025 1313 3090 Oic.
1334 3048 1364 3089 n.
1383 3025 1410 3088 d.

282 3125 313 3207 2,
336 3125 356 3190 3
378 3123 497 3190 multas
513 3127 578 3212 ipsi
595 3123 735 3191 Claudio
757 3124 916 3208 lacrimae,
938 3147 1092 3212 magnam
1107 3125 1228 3214 populo
1244 3126 1282 3192 R.
1298 3125 1409 3190 cladem

281 3224 403 3290 attulit.
427 3249 457 3313 p.
480 3225 609 3291 Cluent.
632 3227 674 3291 60
701 3235 739 3292 ut
760 3231 873 3294 necui
900 3227 1064 3294 innocenti
1092 3249 1220 3292 maeror
1242 3239 1317 3292 tuus
1337 3225 1410 3292 cala·

282 3327 430 3392 mitatem
453 3337 485 3391 et
505 3325 625 3392 falsum
648 3329 770 3394 crimen
793 3329 931 3394 afferret.
975 3327 1019 3393 Sc
1047 3338 1122 3414 aag't
1151 3327 1284 3394 Cicero:
1311 3329 1412 3392 afferre

283 3429 380 3494 alicui
401 3451 549 3513 caueam,
579 3451 634 3494 aea
656 3430 812 3512 alienum,
842 3453 970 3518 pacem,
998 3429 1287 3516 tranquillitatem,
1315 3430 1411 3506 otium,

283 3530 498 3609 concordiam,
521 3552 645 3614 manua,
674 3533 753 3614 vim,
777 3542 921 3615 mertem,
943 3531 1123 3614 interitum,
1145 3553 1270 3615 necem,
1293 3541 1411 3620 pectem,

283 3633 468 3717 perniciem,
492 3633 688 3719 periculum,
717 3633 824 3714 finem,
852 3634 1007 3716 laborem,
1037 3643 1216 3718 egestatem
1239 3643 1271 3698 et
1292 3634 1410 3705 luctum,

281 3752 452 3816 angorem,
485 3734 698 3800 acerbitatem
725 3759 756 3800 u.
785 3735 851 3820 dgl.
880 3759 920 3800 m.
964 3735 1004 3800 In
1031 3734 1119 3799 allen
1146 3733 1258 3800 dienen
1288 3731 1410 3798 Verbin-

283 3832 414 3918 dungen
436 3834 524 3900 ateht
538 3834 628 3900 nicht
649 3836 722 3901 eine
744 3835 960 3924 Prtpcsiticm
984 3836 1128 3902 scudern
1149 3857 1211 3900 nur
1233 3835 1291 3900 der
1312 3833 1409 3900 Dativ.

282 3934 570 4003 Auanchmsweiae
587 3937 711 4025 jedcch
732 3937 814 4006 wird

367 4037 398 4102 3.
433 4037 499 4103 die
532 4037 795 4126 persdnliche
823 4037 1119 4125 Bethciligung
1151 4041 1328 4126 igncrirt
1355 4034 1410 4101 und

283 4137 338 4201 dic
359 4137 540 4204 raumliche
554 4141 723 4226 Richtung
744 4141 802 4206 der
816 4140 1013 4226 'l'htitigkcit
1033 4141 1134 4206 alleiu
1155 4139 1410 4223 berdclreiclrtigt,

283 4240 346 4304 aie
374 4263 402 4303 a.
426 4241 466 4305 B.
493 4243 527 4305 in
555 4242 685 4327 einigen
713 4241 835 4308 Stellen
862 4252 957 4308 anter
986 4241 1043 4308 Nr.
1074 4244 1102 4308 1.
1130 4243 1331 4308 Auaacrdem
1350 4239 1410 4304 Ter.

284 4338 365 4402 Hec.
398 4345 425 4422 1,
454 4341 490 4422 2,
517 4343 559 4408 33
581 4346 617 4408 ia
639 4342 737 4408 fidem
765 4345 976 4410 committere.
1019 4344 1095 4410 Liv.
1125 4343 1158 4428 3,
1187 4345 1231 4408 20
1251 4341 1409 4410 cumularit

285 4439 384 4505 officii
407 4453 530 4528 partem
553 4445 597 4508 cd
618 4466 652 4508 ec
675 4443 875 4537 vindicabat.
905 4446 941 4530 9,
969 4447 1012 4512 43
1039 4445 1082 4510 ad
1104 4468 1140 4510 ae
1161 4445 1240 4511 belli
1263 4437 1409 4510 vindicare
