3050 5146
676 399 904 463 -154-
1008 379 1012 382 ’

301 557 321 632 ς
348 552 416 616 1114.
461 553 532 616 Das
555 551 899 635 Pradicat'congruirt
927 551 987 614 mit
1015 549 1089 614 dom
1112 547 1264 613 letztcn
1293 571 1359 614 von

216 652 387 717 mehreren
410 653 604 739 Subjecten:
627 651 781 716 Tereuz
806 650 869 714 Ad.
892 652 924 732 5,
940 651 970 733 3,
994 651 1036 714 50
1058 650 1164 715 bonae
1186 661 1260 714 tuae
1276 651 1360 715 istac

215 775 274 818 555
298 753 459 836 rationes,
497 751 614 835 Micio,
639 763 672 818 et
694 763 768 816 tuus
797 753 860 817 1515
883 753 1010 816 animus
1034 773 1155 836 aequos
1178 751 1361 816 subvertat.

124 849 131 858 ’
217 852 296 921 Cic.
320 853 363 918 ad
393 853 489 933 Quir.
518 854 538 917 6
566 853 715 919 consules
744 863 910 938 praetores
940 853 1063 916 tribuni
1091 852 1194 938 plebis
1224 862 1359 916 senatus

216 953 315 1018 Italia
337 964 454 1019 cuneta
476 976 603 1041 semper
626 979 645 1020 a
667 953 763 1022 vobis
787 953 963 1039 deprecata
984 963 1043 1018 est.
1074 952 1281 1032 Verr.2,7'l,
1300 951 1360 1028 189

118 1143 122 1151 Ι
216 1067 253 1120 51
282 1055 432 1121 omnibus
461 1056 555 1120 istius
585 1057 686 1135 furta,
721 1054 808 1118 illius
836 1053 992 1139 flagitium
1021 1054 1192 1139 utriusque
1221 1051 1361 1120 audacia

218 1156 391 1241 perspicua
418 1177 488 1221 esse
516 1165 635 1242 posset.
666 1179 699 1242 p.
722 1154 813 1220 Sulla
839 1154 882 1218 22
908 1165 940 1219 et
967 1153 1167 1238 gladiatores
1196 1163 1229 1218 et
1256 1155 1361 1218 omnis

218 1257 281 1320 ista
308 1256 358 1320 vis
388 1293 430 1305 --
455 1257 716 1343 comparabatur.
754 1257 796 1320 25
824 1267 933 1322 tamen
962 1277 1035 1320 eum
1062 1276 1167 1320 mores
1196 1255 1300 1342 ipsius
1329 1265 1362 1318 et

218 1358 288 1421 vita
314 1359 531 1424 convinceret.
564 1381 596 1444 p.
626 1357 714 1422 Sest.
738 1357 779 1422 68
807 1356 907 1420 animi
934 1378 1012 1421 vero
1040 1365 1202 1422 5515551
1230 1356 1362 1421 virtutis

217 1456 357 1542 gloriam
379 1460 611 1546 sempiternam
641 1456 724 1542 (scil.
748 1459 843 1539 esse).
878 1455 941 1542 leg.
971 1456 1058 1523 Man.
1083 1457 1123 1520 12
1151 1457 1278 1521 duabus
1303 1456 1362 1521 Hi·

219 1559 346 1644 spaniis
370 1570 402 1625 et
417 1559 528 1625 Gallia
544 1559 712 1644 Cisalpina
733 1558 906 1644 praesidiis
932 1578 972 1621 ae
994 1558 1135 1622 navibus
1159 1558 1362 1624 confirmata.
1445 1595 1452 1602 ·

304 1659 467 1725 Sallust
488 1661 571 1725 nach
594 1660 669 1724 dem
692 1659 906 1743 Comparativ
928 1659 988 1722 mit
1009 1679 1120 1740 55555,-
1142 1682 1167 1722 5.
1191 1663 1222 1740 ξ.
1248 1661 1319 1724 113.

302 1760 447 1826 Livius
470 1763 501 1842 3,
526 1764 543 1825 7
568 1763 698 1826 deserta
719 1760 828 1824 omnia
849 1797 891 1808 -
913 1758 960 1823 dii
982 1758 1148 1846 praesidas
1170 1783 1210 1825 ac
1231 1762 1367 1824 fortuna

219 1861 309 1924 urbis
333 1871 438 1926 tutata
461 1873 520 1926 cst.
544 1863 574 1939 3,
599 1863 641 1926 30
665 1861 754 1926 domi
777 1861 954 1926 seditiones
976 1858 1075 1925 iidem
1092 1860 1225 1942 tribuni,
1248 1860 1367 1925 eadem

221 1961 275 2026 lox
298 1961 453 2027 faciebat.
476 1963 508 2042 4,
532 1962 552 2026 2
574 1967 745 2027 55551555
769 1973 801 2026 et
827 1963 997 2026 maiestate
1027 1960 1189 2046 adempta.
1212 1963 1244 2043 3,
1268 1961 1310 2026 66
1332 1973 1368 2025 51

224 2061 363 2126 tribunis
387 2073 419 2127 et
441 2061 535 2149 plebe
557 2065 694 2128 incitata
716 2065 751 2126 in
773 2073 893 2148 patres.
916 2061 947 2144 5,
973 2061 1012 2125 15
1039 2063 1215 2127 decrevere
1238 2060 1368 2147 legatos

221 2173 392 2249 sortesque
415 2164 540 2229 oraculi
556 2163 685 2250 Pythici
707 2160 955 2250 exspectandas.
978 2164 1009 2243 5,
1024 2162 1067 2227 23
1081 2175 1193 2228 vatum
1209 2184 1370 2249 responsa

225 2275 257 2326 et
279 2261 436 2348 Pythicae
459 2275 562 2330 sortes
585 2277 690 2329 55155.
718 2265 749 2344 8,
775 2263 934 2342 lsauciis
963 2285 1001 2328 ac
1029 2271 1122 2351 parte
1151 2263 1368 2350 impedimen-

224 2377 329 2430 torum
353 2363 477 2428 relicta.
502 2366 533 2446 9,
549 2367 590 2431 35
614 2376 707 2430 55515
728 2365 905 2450 galeaeque
927 2365 1021 2428 ictae.
1045 2364 1096 2445 21,
1111 2365 1154 2430 52
1176 2363 1210 2428 id
1227 2365 1370 2428 Romani

224 2486 326 2550 aequo
342 2466 432 2542 55115,
456 2465 584 2531 Ρο5555
601 2467 771 2552 periniquo
794 2465 902 2532 auimo
926 2463 1063 2530 ferebat.
1086 2465 1138 2547 24,
1155 2465 1176 2528 2
1197 2465 1312 2530 urbem
1327 2488 1372 2529 ac

223 2575 352 2651 portum
382 2603 418 2612 -
448 2564 604 2630 validum.
632 2567 684 2648 26,
714 2566 757 2630 24
779 2564 958 2652 Syracusas
983 2565 1193 2652 Capuamque
1223 2577 1371 2652 captam.

223 2666 274 2747 28,
302 2667 344 2730 24
371 2688 436 2730 555
469 2667 548 2732 55511
575 2668 609 2730 15
638 2668 720 2750 fide,
753 2687 816 2731 non
845 2667 1004 2730 exercitus
1033 2667 1066 2730 in
1098 2667 1207 2733 officio
1235 2669 1374 2732 mansit.

225 2766 327 2831 Ibid.:
352 2768 461 2831 omnia
483 2765 619 2833 libidine
647 2791 684 2834 ac
706 2767 840 2834 licentia
864 2765 1022 2846 militurn,
1050 2767 1131 2832 nihil
1154 2771 1305 2834 instituto
1328 2791 1375 2834 ac

225 2867 397 2953 disciplina
418 2868 555 2934 militiae
580 2907 615 2916 -
641 2868 827 2954 gerebatur.
850 2868 902 2950 32,
929 2871 955 2952 l,
981 2869 1029 2931 10.
1054 2869 1106 2950 37,
1129 2871 1160 2950 3,
1184 2870 1214 2933 2.
1237 2872 1290 2952 41,
1316 2871 1374 2952 13,

225 2970 257 3033 5.
286 2991 337 3054 cp.
366 2970 419 3052 21,
446 2972 494 3034 11.
523 2969 577 3052 42,
606 2969 658 3052 63,
686 2970 706 3034 6
733 2993 764 3033 5.
795 2971 844 3032 11.
889 2967 928 3031 15
958 2967 1116 3034 manchon
1145 2969 1252 3034 dieser
1276 2969 1376 3034 Falto

226 3070 270 3134 151
297 3070 350 3135 die
385 3069 578 3135 sehcinbare
605 3069 947 3155 Unrcgelmttssiglreit
979 3067 1256 3154 nothwendig,
1295 3069 1375 3132 5511

225 3172 285 3235 das
309 3171 406 3235 letztc
429 3170 567 3256 Subjeet
599 3193 664 3235 von
692 3172 767 3235 dem
794 3169 1081 3254 voraufgehenden
1106 3163 1262 3255 ¹getrennt
1289 3171 1378 3236 oder

227 3293 287 3354 gar
308 3270 374 3334 ihm
397 3280 689 3355 cntgegengesetzt
710 3295 751 3334 zu
774 3269 905 3336 denken
928 3271 987 3354 ist3
1010 3293 1046 3337 so
1061 3272 1146 3337 oben
1160 3271 1236 3335 Liv.
1251 3272 1304 3350 21,
1316 3273 1377 3336 52.

133 3401 138 3407 ·
188 3447 190 3452 Ι
227 3372 279 3453 28,
301 3371 353 3433 24.
398 3371 493 3435 Ebcn
515 3394 550 3436 55
573 3371 801 3456 5511555115,
823 3391 918 3436 wcnn
947 3371 1000 3436 die
1023 3371 1191 3456 Wirkung
1212 3372 1272 3437 des
1294 3371 1377 3436 Plu-

227 3469 444 3557 ralsubjcctcs
480 3470 581 3535 durch
609 3475 681 3536 eine
709 3471 957 3559 Apposition
990 3471 1035 3535 im
1063 3473 1219 3557 Singular
1255 3473 1377 3558 ausge-

228 3573 333 3636 hoben
356 3571 453 3636 wird:
487 3573 534 3651 10,
557 3573 597 3636 27
626 3573 775 3638 diversae
803 3573 892 3637 ferae
921 3593 1016 3636 cerva
1046 3573 1087 3637 ad
1115 3573 1250 3654 Gallos,
1274 3571 1381 3657 lupus

228 3672 270 3736 ad
293 3673 458 3746 11555555
481 3695 612 3737 cursum
635 3672 782 3738 deflexit.
804 3673 913 3756 25,19
935 3670 1081 3739 eonsules
1096 3710 1138 3720 -
1154 3675 1277 3738 diversi
1294 3673 1381 3738 Ful·

229 3773 302 3836 vius
325 3773 358 3836 15
381 3795 497 3856 agrum
520 3773 714 3856 Cumanum,
739 3772 895 3838 Claudius
918 3774 952 3836 in
974 3773 1125 3840 Lucanos
1149 3773 1230 3840 abit.
1255 3775 1307 3856 22,
1329 3776 1381 3840 47

229 3875 369 3937 nitentes
386 3911 424 3919 —
442 3875 492 3938 vir
508 3876 614 3938 virum
631 3874 801 3962 amplexus
818 3873 1012 3938 detrahebat
1027 3895 1120 3960 equo.
1145 3875 1381 3942 Abweichcnd

233 3974 282 4054 10,
303 3972 355 4052 44,
377 3975 398 4037 9
420 3972 542 4038 diversi
565 3975 716 4059 Papirius
739 3974 782 4040 ad
797 3975 983 4060 Saepinum,
1007 3975 1171 4040 Carvilius
1187 3973 1231 4040 ad
1244 3975 1383 4042 Veliam

230 4073 483 4159 oppugnandam
505 4074 651 4160 legiones
673 4075 806 4142 ducunt.
1149 4069 1155 4079 ’

315 4174 479 4239 Tacitus
502 4196 579 4240 ann.
606 4179 633 4258 l,
656 4178 697 4241 56
719 4175 904 4261 imbresque
932 4187 964 4242 et
986 4174 1154 4241 fluminum
1184 4189 1301 4242 auctus
1324 4201 1385 4244 rc-

168 4279 170 4283 '
230 4272 392 4357 gredienti
408 4275 623 4342 metuebatur.
640 4276 670 4358 2,
686 4277 727 4341 26
738 4279 785 4340 sic
801 4275 925 4342 Suebos
942 4297 1116 4362 regemque
1132 4275 1385 4345 Maroboduum

231 4395 312 4458 pace
334 4373 535 4439 obstrictum.
561 4377 638 4460 Agr.
661 4377 713 4441 24.
736 4375 778 4441 G.
794 4375 846 4440 27.
870 4377 901 4440 h.
925 4383 954 4456 2,
971 4377 1021 4441 78.
1045 4384 1127 4440 ann.
1144 4377 1174 4460 2,
1198 4379 1250 4443 71.
1274 4381 1307 4461 4,
1322 4381 1387 4446 49.

317 4473 405 4538 Dass
433 4475 631 4560 umgekchrt
661 4477 719 4541 das
749 4475 984 4562 nachlolgendc
1011 4471 1165 4544 Pritdicat
1194 4479 1290 4546 nicht
1317 4483 1386 4549 mit
