3068 5138
602 307 607 316 '
737 325 966 391 -eeo-

279 484 423 562 possunt.
455 477 487 557 3,
512 476 552 539 14
574 477 695 542 oratori
719 513 756 526 —
780 480 888 544 omnia
910 481 1067 566 quaesita,
1089 477 1212 562 audita,
1235 478 1332 563 leota,
1354 479 1418 546 dis·

278 586 402 663 putata,
426 585 575 662 tractata,
597 579 723 662 agitata
745 599 817 643 esse
838 579 969 646 debent.
999 589 1079 648 orat.
1095 581 1213 668 parth
1233 581 1419 647 auditorum

278 699 372 742 aures
395 679 598 743 moderantur
619 680 741 744 oratori
764 679 917 767 prudenti
938 693 972 749 et
985 682 1131 769 provido.
1160 681 1258 747 Roso.
1274 681 1364 747 Gonu
1383 683 1419 748 15

278 780 306 844 si
329 780 394 843 iam
417 779 478 844 tibi
500 777 716 845 deliberatum
738 789 797 846 est.
829 779 926 848 Catil.
945 784 973 865 l,
997 785 1014 848 7
1038 784 1095 870 qui
1116 782 1177 849 tibi
1199 803 1358 870 persaepe
1378 782 1419 847 ad

278 882 411 946 eaedem
434 881 603 945 constituti
625 880 766 947 luerunt.
797 882 890 948 Verr.
907 883 924 948 I
940 886 972 965 ξ.
988 883 1030 948 42
1045 883 1125 948 mihi
1140 885 1319 951 constitute
1333 894 1419 950 eunt.

279 983 449 1065 Δ11.Ί,7
481 981 691 1047 constitutum
719 1004 790 1048 esse
816 983 980 1070 Pompeio.
1017 983 1114 1050 Catil.
1137 985 1174 1067 2,
1205 985 1245 1049 12
1270 985 1353 1050 mihi
1380 1023 1420 1036 -

279 1082 461 1150 consultum
484 1104 524 1147 ao
538 1084 706 1168 provisum
722 1093 783 1149 est.
813 1084 889 1149 fam.
906 1086 936 1166 5,
954 1085 993 1150 19
1007 1085 1087 1150 mihi
1102 1084 1273 1151 eonsilium
1289 1097 1419 1174 eaptum

135 1237 138 1246 .
278 1183 401 1250 iamdiu
423 1194 483 1249 est.
514 1178 778 1265 111411οο
800 1185 863 1250 sibi
885 1185 1129 1251 tabernaculum
1152 1198 1284 1272 captum
1306 1187 1419 1252 fuisse.

277 1286 310 1367 2,
331 1287 373 1350 48
396 1285 510 1351 bestiis
532 1287 744 1350 communiter
763 1287 857 1352 oibus
881 1288 1059 1374 quaeritur.
1089 1285 1143 1351 off.
1165 1289 1196 1370 3,
1213 1288 1243 1352 9.
1273 1287 1375 1354 Tusa.
1389 1289 1419 1370 4,

281 1387 321 1452 19
342 1387 394 1452 eui
422 1409 487 1452 non
514 1396 590 1452 aunt
615 1385 747 1452 auditae
771 1387 999 1454 Demosthenis
1025 1387 1184 1474 vigiliae?
1212 1389 1244 1471 2,
1269 1392 1286 1453 1
1309 1387 1419 1476 dispu-

278 1489 419 1570 tatione,
449 1487 635 1573 quaemihi
657 1509 761 1574 nuper
782 1487 894 1555 habita
916 1499 974 1554 est.
1005 1489 1089 1554 Tim.
1113 1489 1134 1554 8
1157 1488 1215 1554 sed
1237 1489 1319 1554 haee
1341 1491 1419 1556 satis

279 1591 345 1654 sint
367 1589 457 1653 dicta
478 1590 583 1657 nobis.
616 1587 703 1674 legg.
728 1592 761 1671 l,
787 1591 824 1656 18
846 1601 884 1656 ut
905 1589 1059 1656 concluse
1079 1589 1160 1654 mihi
1181 1591 1247 1654 iam
1273 1591 1357 1656 haeo
1378 1591 1420 1655 sit
1519 1611 1520 1616 ¹

280 1689 384 1756 omnia
412 1689 526 1754 oratio.
562 1690 660 1754 Taso.
683 1691 718 1768 2,
740 1689 762 1752 4
789 1699 837 1754 est
863 1692 963 1776 igitur
990 1689 1234 1756 ambulantibus
1263 1691 1307 1756 ad
1336 1691 1421 1756 huno

280 1789 412 1856 modum
434 1813 538 1856 sermo
561 1789 616 1856 ille
637 1790 730 1855 nobis
752 1792 929 1857 institutus.
960 1793 1035 1856 lam.
1052 1794 1082 1876 l,
1097 1792 1139 1857 23
1161 1792 1320 1858 exhedris
1341 1790 1420 1856 mihi

280 1913 366 1958 nova
388 1901 464 1957 sunt
485 1893 645 1958 instituta.
676 1894 705 1971 7,
720 1893 762 1958 33
784 1894 862 1958 mihi
885 1893 970 1958 enim
985 1892 1165 1959 iudicatum
1180 1904 1230 1957 est
1251 1893 1346 1976 („bei
1361 1894 1421 1958 mir

279 1994 366 2060 steht
388 2016 421 2058 es
437 1994 549 2078 fest.‘·)
579 1994 676 2058 Tusa.
692 1993 723 2076 3,
742 1994 781 2057 14
796 1994 912 2080 quibus
928 2016 993 2058 non
1008 1994 1131 2059 fuerint
1144 1995 1300 2078 cogitata.
1323 1993 1418 2058 Varr.

278 2097 311 2178 4,
333 2096 375 2160 42
401 2118 453 2160 res
481 2094 561 2160 rnihi
588 2103 657 2159 tota
684 2095 815 2181 provisa
837 2104 896 2159 est.
925 2095 959 2173 4,
986 2096 1025 2160 15
1046 2094 1133 2182 quod
1156 2097 1186 2159 ei
1214 2095 1324 2160 luerat
1347 2117 1420 2160 con·

280 2199 434 2285 cupitum.
464 2195 547 2260 Phil.
567 2200 616 2279 ll,
634 2197 674 2261 10
695 2198 779 2261 siout
801 2217 897 2283 saepe
918 2196 1030 2262 multis
1052 2195 1244 2261 clarissimis
1260 2197 1343 2261 viris
1367 2218 1419 2261 ex·
1519 2193 1520 2265 l

281 2299 404 2386 petitae
430 2306 514 2361 sunt.
545 2297 600 2361 fin.
622 2298 659 2379 4,
687 2297 729 2360 22
756 2295 848 2365 nobis
877 2298 963 2362 enlm
989 2298 1055 2362 iata
1082 2298 1248 2383 quaesita,
1277 2318 1299 2361 a
1324 2296 1419 2362 nobis
1519 2363 1520 2402 ᾖ

280 2400 454 2486 descripta,
476 2408 603 2482 notata,
626 2407 798 2485 praecepta
817 2409 893 2464 sunt
917 2400 982 2484 (wo
1005 2397 1210 2484 Wesenberg
1231 2419 1263 2462 u.
1285 2397 1421 2482 Madvig

149 2531 151 2536 ·
280 2525 301 2568 0
328 2503 419 2567 uobis
446 2501 529 2566 euim
556 2500 749 2584 corrigiren,
778 2498 860 2564 doch
889 2500 973 2564 ohne
1000 2498 1234 2565 binreiobende
1256 2497 1419 2581 Griinde.)
1519 2487 1520 2510 ³

281 2603 334 2669 off.
357 2605 389 2686 3,
413 2601 433 2666 9
455 2600 593 2666 honesto
614 2600 707 2666 bonis
731 2601 812 2664 viris
832 2606 1038 2683 quaerentem.
1072 2621 1140 2686 rep.
1161 2602 1192 2674 5,
1208 2600 1229 2664 9
1248 2599 1304 2664 1110
1327 2599 1420 2664 nobis

281 2713 491 2790 consumptua
521 2712 570 2767 est
599 2701 681 2766 dies.
713 2725 744 2787 p.
767 2701 867 2770 Maro.
893 2704 907 2764 1
938 2701 1138 2768 intellectum
1161 2710 1211 2766 est
1233 2701 1325 2766 mihi.
1356 2723 1420 2786 rep.

279 2809 310 2888 3,
325 2805 368 2870 29
389 2807 451 2870 etsi
473 2806 567 2871 nobis
590 2801 780 2889 evigilatum
802 2801 869 2866 lare
891 2811 950 2867 est.
967 2839 1008 2850 -
1022 2804 1087 2867 Am
1109 2802 1307 2886 hauligstem
1330 2811 1417 2866 utm-

280 2906 346 2971 lioh
368 2905 444 2972 aoht
465 2903 549 2987 Mal,
573 2905 625 2970 bei
646 2909 816 2987 sarepta,
838 2906 953 2969 immeo
974 2905 1035 2969 mit
1055 2904 1136 2969 mihi
1157 2903 1234 2968 oder
1257 2904 1333 2968 tibi.-
1357 2902 1420 2986 leg.

280 3009 366 3074 blan.
389 3008 432 3072 24
452 3007 613 3093 quidquid
634 3008 666 3070 in
689 3005 750 3070 hae
771 3023 869 3072 osaea
891 3005 970 3070 mihi
993 3014 1181 3092 susceptum
1204 3013 1265 3068 est.
1295 3027 1329 3090 p.
1352 3001 1419 3068 Mil.

280 3111 322 3175 34
344 3134 362 3175 o
386 3109 510 3173 frustra
532 3108 611 3172 mihi
633 3109 775 3193 suscepti
799 3107 936 3175 labores.
967 3128 1034 3192 rep.
1054 3107 1081 3188 1,
1098 3108 1127 3170 7.
1152 3104 1204 3170 off.
1226 3105 1328 3181 2,13.
1352 3104 1418 3168 har.

279 3231 365 3296 resp.
388 3209 683 3292 2.10111.6,10,3.
716 3210 765 3291 11,
789 3209 819 3290 7,
832 3209 862 3274 3.
894 3209 963 3274 Α11.
989 3209 1039 3290 15,
1054 3207 1087 3290 2,
1105 3208 1132 3270 1.
1159 3245 1196 3254 -
1220 3205 1326 3272 Recht
1349 3205 1421 3270 klsr

280 3314 325 3377 ist
347 3310 401 3374 die
422 3309 618 3396 Bedeutung
639 3311 696 3375 des
719 3310 836 3376 Dativs
860 3310 894 3373 in
916 3309 1015 3375 Tusa.
1037 3309 1073 3390 5,
1096 3309 1138 3372 24
1158 3313 1307 3374 sumatur
1335 3309 1417 3372 enim

280 3414 374 3478 nohis
390 3421 446 3477 ott.
476 3413 547 3476 Att.
565 3412 615 3492 13,
630 3413 669 3474 51
692 3412 713 3474 2
734 3411 814 3474 mihi
833 3419 884 3475 est
903 3409 1118 3497 exploratum.
1147 3409 1317 3476 Letzteres
1340 3409 1419 3474 eben

281 3537 333 3580 so:
357 3513 450 3578 aoad.
472 3513 504 3593 2,
529 3514 578 3592 17,
601 3512 651 3576 54.
676 3510 718 3574 de
739 3531 804 3574 sen.
829 3511 878 3591 19,
901 3511 953 3576 67.
976 3511 1052 3575 lam.
1075 3511 1107 3590 2,
1132 3511 1182 3592 16,
1204 3509 1239 3574 6.-

366 3647 463 3712 Fehlt
485 3647 537 3711 bei
560 3645 716 3711 Caesar.

367 3780 523 3846 Sallust
545 3781 614 3846 Cat.
641 3781 692 3858 14,
718 3782 735 3844 'l
759 3801 852 3865 quam
874 3779 964 3866 quod
985 3782 1137 3866 cuiquam
1163 3779 1199 3844 id
1222 3787 1418 3864 compertum

281 3884 376 3950 foret.
407 3883 493 3962 22,4
515 3882 608 3948 nobis
631 3904 669 3946 ea
689 3903 741 3945 res
763 3919 802 3928 —
825 3904 938 3967 parum
961 3889 1127 3968 comperta
1149 3890 1209 3946 est.
1240 3880 1317 3964 Jug.
1334 3879 1420 3958 70,2

283 4008 325 4049 ex
350 4007 414 4070 quo
442 3981 490 4047 illi
517 3982 622 4068 gloria
649 4004 791 4070 opesque
817 3984 980 4048 inventae.
1011 3983 1067 4064 15,
1089 3983 1111 4046 2
1138 4003 1222 4068 quae
1251 3990 1419 4068 postquam

281 4082 415 4150 Metello
436 4094 602 4170 comperta
622 4095 708 4148 sunt.

367 4217 451 4282 Bell.
474 4217 570 4283 Alex.
593 4220 614 4282 2
634 4240 739 4304 neque
760 4240 838 4284 vero
861 4218 1096 4284 Alexandrinis
1124 4218 1159 4282 in
1185 4213 1338 4303 gerendis
1367 4237 1417 4280 ue·

282 4319 380 4405 gotiis
403 4320 565 4384 cunetatio
589 4317 655 4384 ulla
677 4330 733 4384 aut
755 4339 845 4384 mora
872 4321 1067 4400 induebatur
1088 4319 1146 4403 (ist
1167 4317 1254 4383 wohl
1275 4315 1417 4382 Verbum

282 4417 450 4500 medium.)
484 4421 525 4484 25
552 4419 693 4484 nondum
721 4420 853 4486 Caesari
880 4421 1027 4486 auditum
1055 4431 1134 4484 erat.
1170 4418 1252 4486 Bell.
1278 4417 1354 4482 As.
1380 4417 1419 4481 48
