3034 5142
706 354 937 420 *294-

247 509 412 576 fluetibus.
445 509 516 574 Der
538 507 738 597 Conjunetiv
761 507 818 572 des
841 507 964 572 letzten
979 506 1142 572 Verbums
1157 508 1201 572 ist
1215 529 1276 573 nur
1291 505 1387 571 durch

248 612 312 676 den
337 611 481 675 Einfluas
505 609 564 674 der
586 608 873 694 voraufgehenden
889 607 1110 695 Oonjunetive
1132 607 1336 675 entstanden.
1359 629 1386 672 n.

247 712 279 778 d.
305 715 333 797 1,
356 713 388 796 8,
410 713 453 776 20
475 713 533 777 sed
554 711 611 776 illa
633 709 799 798 palmaris,
822 708 909 798 quod
931 709 1029 791 idem,
1053 711 1118 797 qui,
1131 733 1196 776 non
1218 709 1315 775 modo
1336 730 1387 772 na·

248 826 317 880 tum
339 815 496 880 mundum
518 813 747 890 introduxerit,
771 813 828 878 sed
852 813 951 877 etiam
974 834 1072 876 manu
1088 833 1191 898 paene
1207 812 1341 894 laetum,
1362 811 1387 874 is

249 939 323 981 eum
346 915 472 980 dixerit
494 915 563 980 fore
585 915 829 1000 sempiternum.
844 951 886 962 —
901 911 965 978 Mit
984 935 1040 979 ne:
1062 935 1131 1000 rep.
1154 914 1184 994 2,
1207 913 1261 995 22,
1283 912 1326 978 39
1339 933 1388 978 eu·

248 1020 401 1105 ravitque
424 1019 576 1100 (Servius
605 1017 696 1101 rex),
724 1015 812 1102 qued
834 1037 961 1102 semper
983 1017 1017 1079 in
1038 1036 1106 1102 rep.
1131 1017 1308 1080 tenendum
1329 1023 1386 1092 est,

247 1142 287 1184 ue
310 1120 487 1207 plurimum
510 1117 642 1183 valeant
664 1105 795 1204 plurimi
820 1118 876 1200 (st.
899 1116 1058 1200 valerent,
1080 1119 1143 1182 wie
1164 1117 1250 1182 kara
1277 1116 1390 1181 verher
1424 1194 1427 1200 Ι

247 1220 430 1306 regelreeht
453 1221 629 1286 construirt
656 1223 714 1284 ist:
745 1219 792 1283 ita
814 1218 1015 1305 disparavit,
1038 1227 1075 1282 ut
1094 1255 1139 1267 -
1159 1219 1294 1304 essent).
1317 1217 1389 1282 fam.

209 1365 211 1370 .
245 1323 277 1406 2,
305 1323 353 1407 19,
379 1325 394 1386 1
418 1323 556 1388 verebar
577 1343 618 1386 ne
641 1321 688 1385 ita
710 1319 851 1402 caderet,
875 1319 1083 1406 quodetiam
1099 1342 1186 1386 nune
1208 1341 1390 1392 versurae

242 1433 322 1489 ante
344 1446 442 1510 quam
465 1426 557 1490 tuin
580 1424 782 1511 provinciam
804 1421 968 1503 venisses,
997 1443 1058 1507 ego
1086 1421 1127 1486 de
1150 1423 1320 1508 provincia
1340 1422 1389 1487 de

247 1525 405 1592 cederem.
439 1526 522 1591 Hier
543 1527 588 1591 ist
610 1547 697 1590 zwar
718 1526 751 1590 in
774 1524 834 1587 der
857 1523 978 1588 letaten
994 1523 1202 1604 Verbalform
1215 1523 1324 1590 niehts
1339 1545 1389 1609 ge-

247 1627 375 1710 dudert,
398 1628 478 1692 aber
500 1638 581 1700 statt
603 1625 661 1692 des
683 1625 823 1692 aweiten
845 1649 884 1692 aa
906 1623 1001 1690 sollte
1022 1631 1058 1690 at
1079 1625 1204 1709 stehen,
1226 1625 1389 1711 abhttngig

246 1752 311 1796 von
333 1731 379 1796 r'te
399 1731 533 1794 caderet.

331 1853 356 1896 e.
379 1829 594 1896 indirecte
617 1831 787 1916 Fragen:
809 1853 843 1895 u.
859 1829 892 1894 d.
917 1833 945 1913 1,
969 1829 1021 1912 27,
1045 1830 1085 1894 11
1109 1829 1190 1916 quid
1212 1831 1315 1915 igitur
1334 1831 1388 1893 mi·

247 1955 329 2014 rum,
353 1934 382 1998 si
404 1933 466 1999 hoe
488 1933 601 1998 eodem
624 1932 722 1998 mode
739 1932 864 1997 homini
879 1941 993 1996 natura
1008 1932 1231 2019 praescripsit,
1254 1941 1292 1996 ut
1312 1929 1390 1996 nihil

246 2033 413 2122 pulchrius
436 2057 533 2122 quam
547 2035 711 2102 hominem
726 2045 867 2121 putaret,
891 2055 960 2098 eam
977 2055 1049 2098 esse
1065 2055 1211 2115 eausam,
1234 2055 1293 2098 eur
1314 2033 1388 2100 deos

246 2137 413 2204 hominurn
447 2135 569 2202 similes
603 2135 816 2222 putaremus?
855 2137 979 2219 (woran
1013 2133 1218 2201 Schoemann
1252 2137 1388 2201 Anstoss

246 2238 369 2325 nahm).
413 2237 577 2304 Aehnlieh
607 2243 651 2304 ist
678 2237 769 2302 Lael.
800 2240 829 2320 1,
852 2238 873 2302 2
899 2237 1078 2302 meministi
1099 2273 1141 2284 —
1163 2246 1288 2324 quanta
1308 2245 1391 2300 esset

247 2341 412 2406 hominum
435 2337 487 2404 vel
511 2339 684 2404 admiratio
700 2338 754 2405 vel
767 2341 910 2426 querela,
932 2361 983 2404 wo
998 2344 1074 2405 esset
1087 2347 1169 2404 statt
1180 2339 1280 2419 faerit
1294 2337 1387 2414 steht,

246 2441 321 2506 weil
342 2441 608 2506 Zwisehenstttze
630 2442 675 2505 im
697 2441 915 2506 Praeteritum
943 2440 1177 2526 voraufgehen.
1221 2439 1389 2506 Schwieri-

245 2565 304 2628 ger
326 2543 370 2606 ist
392 2543 487 2608 Verr.
510 2542 555 2624 ΙΙ,
581 2547 596 2608 l
621 2546 652 2623 §-
678 2543 718 2608 75
739 2544 797 2630 qui
818 2543 851 2606 in
873 2541 932 2608 illa
954 2565 989 2607 re
1011 2541 1091 2630 quid
1117 2543 1225 2607 faeere
1241 2543 1388 2625 potuerit,

246 2666 311 2710 non
333 2643 486 2710 habebat.
530 2643 707 2710 Vielleieht
729 2643 785 2708 hat
807 2644 879 2710 hier
901 2644 956 2709 die
971 2643 1064 2709 Nahe
1080 2643 1137 2708 des
1154 2643 1388 2728 voraufgehen·

245 2748 310 2812 den
325 2744 484 2812 Praesens
493 2747 659 2830 proferam
671 2745 735 2810 den
750 2745 833 2832 Gonj
837 2746 951 2811 unetiv
966 2746 1024 2810 des
1039 2745 1187 2811 Perfecta
1211 2747 1305 2828 (statt
1319 2767 1389 2832 pes-

246 2849 310 2933 set)
331 2847 526 2914 veranlasst.

331 2951 362 3016 d.
386 2950 743 3037 Temporalstttae:
767 2950 900 3014 desen.
926 2948 1385 3034 12,421nv1tusieerutfer

245 3053 366 3118 tissimi
387 3051 513 3116 viriT.
537 3051 714 3117 Flaminini
743 3052 939 3115 fratreru—
968 3061 1125 3116 esenatu
1147 3052 1298 3116 eiicerem
1319 3071 1386 3136 sep·

31 3179 36 3186 ·
139 3213 142 3219 .
246 3163 311 3218 tem
333 3153 428 3218 annis
451 3163 643 3240 postquam
667 3152 919 3218 consultuisset
942 3152 1384 3236 (stluitoderfuerat).a.

128 3337 133 3342 ι
246 3256 280 3320 d.
301 3255 333 3337 2,
355 3254 408 3336 50,
434 3255 495 3318 126
518 3277 614 3341 quam
637 3277 711 3320 eum
729 3257 971 3340 gustavissent,
1000 3255 1138 3340 sagittas
1167 3255 1321 3321 excidere
1345 3254 1383 3320 di·

246 3366 324 3422 eunt
346 3378 365 3420 e
387 3377 522 3442 corpore
544 3357 621 3442 (das
643 3355 945 3443 Plusquamperfeet
967 3379 1029 3421 nur
1044 3377 1158 3442 wegen
1179 3357 1239 3422 der
1260 3354 1383 3426 voraui·

245 3457 415 3541 geheuden
437 3457 646 3544 Praeterita).
676 3457 767 3523 asad.
796 3459 828 3542 2,
852 3459 883 3540 3,
906 3459 927 3524 9
955 3480 1029 3523 eum
1052 3473 1090 3522 eo
1113 3457 1250 3524 Catulus
1273 3469 1306 3524 et
1327 3458 1383 3524 Lu·

245 3558 351 3625 cultus
373 3582 497 3646 nosque
519 3560 583 3644 ipsi
606 3558 766 3646 postridie
788 3561 993 3625 venissemus
1015 3581 1113 3645 quam
1134 3561 1223 3648 apud
1240 3559 1382 3626 Catulum

244 3663 422 3742 fateretuse.

332 3785 360 3826 e.
382 3762 611 3829 Medalsatz
635 3763 694 3827 mit
715 3770 750 3828 ut
771 3764 839 3829 und
861 3767 954 3846 quia:
976 3765 1018 3828 ad
1041 3766 1110 3830 Art.
1134 3765 1166 3844 3,
1190 3765 1241 3848 13,
1263 3767 1285 3829 2
1306 3763 1383 3853 quod

246 3887 297 3930 me
319 3885 417 3953 saepe
440 3887 586 3947 accusas,
610 3864 767 3930 eur'hune
781 3887 890 3930 meum
906 3887 1018 3931 casum
1033 3875 1100 3930 tam
1115 3866 1263 3952 graviter
1277 3867 1381 3944 feratu,

247 3963 347 4032 debes
370 3967 551 4050 ignoscere,
574 3989 646 4032 cum
669 3967 715 4030 ita
736 3989 801 4031 mea
816 3967 977 4054 afflictum
1004 3968 1134 4050 videas,
1163 3973 1200 4034 ut
1222 3969 1313 4052 (wie)
1335 3988 1380 4032 ue·

247 4069 366 4134 minem
396 4091 538 4156 unquam
567 4063 639 4131 nee
656 4067 777 4134 videris
800 4091 860 4134 nee
882 4070 1035 4135 audieris.
1065 4070 1107 4133 de
1129 4071 1198 4139 div.
1220 4071 1252 4153 2,
1274 4071 1325 4152 46,
1346 4066 1380 4132 96

247 4168 349 4256 quid?
381 4169 506 4236 illudne
528 4170 664 4235 dubium
687 4181 752 4244 est,
776 4172 856 4259 quin
877 4173 986 4252 multi,
1017 4174 1160 4236 sumita
1180 4173 1250 4238 nati
1272 4175 1379 4246 essent,

246 4281 283 4335 ut
306 4273 466 4359 quaedam
489 4284 602 4338 eontra
623 4282 774 4338 naturam
796 4275 975 4362 depravata
991 4275 1161 4358 haberent,
1184 4273 1378 4339 restitueren-

245 4384 299 4437 tur
321 4383 354 4438 et
376 4377 618 4460 corrigerentur
639 4375 681 4440 ab
704 4375 843 4441 natura?

332 4475 355 4540 f.
380 4475 599 4560 Felgesatz
623 4478 682 4541 mit
704 4483 755 4541 ut:
777 4501 809 4565 p.
801 4461 985 4558 .Sutla'20‚
1007 4477 1258 4564 58ipseuutem
1272 4475 1376 4544 Sittius
