3050 5146
543 375 773 436 -193-

114 545 245 608 pavones.
282 523 388 588 Velox
412 525 486 589 est?
524 525 568 588 Et
590 526 676 612 equi.
714 525 810 589 Eben
832 547 868 589 so
890 528 921 605 §.
944 525 991 590 7.·
1012 525 1095 589 Dem
1118 525 1218 589 Tuci

112 634 163 688 tos
176 625 215 689 ist
229 625 497 711 cigenthiimlich:
521 647 595 690 ann.
615 627 664 707 14,
690 627 728 690 12
743 625 962 690 decernuntur
977 625 1233 713 supplicationes

111 725 183 811 apud
203 728 305 792 omnia
327 728 516 813 pulvinaria
538 737 638 815 utque
654 728 879 815 Quinquatrus
902 727 989 792 ludis
1013 729 1128 794 annuis
1151 727 1232 793 cele·

110 826 260 892 brarentur
282 830 342 913 (sc.
366 830 576 916 decernitur).
614 829 682 893 Fur
703 829 757 894 die
772 829 899 917 Ellipse
920 851 962 894 an
985 831 1116 896 zweiter
1132 830 1233 896 Stclle

109 927 144 990 im
163 930 466 997 subordinirtcn
483 930 709 997 Verhdltnissc
732 931 807 996 sind
829 930 879 996 bis
897 932 985 1019 jetzt
999 933 1096 996 keiue
1111 929 1232 1016 Belege

110 1028 310 1116 beigebracht.

179 1133 206 1198 3.
232 1134 393 1200 Modale
421 1135 557 1222 Ellipse.
603 1135 710 1200 Wenn
739 1157 814 1201 mau
841 1134 889 1200 als
913 1135 1141 1223 Hauptmodi
1169 1137 1232 1200 den

107 1233 251 1300 Indicativ
280 1237 347 1301 und
370 1237 588 1326 Conjunctiv,
618 1236 666 1302 als
689 1237 921 1303 Nebenmodi
950 1239 1014 1302 den
1042 1239 1232 1325 imperativ,

107 1337 233 1402 lnfinitiv
260 1339 329 1403 und
357 1338 416 1404 das
445 1338 591 1426 Particip
619 1339 818 1422 betrachtet,
853 1361 889 1404 so
918 1338 1047 1406 zerlallt
1074 1340 1132 1404 der
1164 1341 1233 1404 Ab·

106 1437 211 1506 schnitt
231 1442 314 1505 111111
337 1441 390 1506 die
411 1439 541 1506 modale
565 1441 691 1527 Ellipse
713 1442 747 1506 in
770 1441 840 1505 drei
862 1440 987 1506 Theile.

176 1544 214 1605 A.
236 1544 532 1628 Gegenseitige
554 1542 797 1629 Ergennung
819 1545 888 1607 der
910 1541 1167 1629 Hauptmodi.

175 1666 202 1708 n.
224 1644 295 1709 Das
317 1643 534 1710 Factisclre
563 1644 646 1710 wird
675 1667 732 1709 ans
760 1643 921 1710 demals
951 1643 1126 1730 moglich
1156 1647 1231 1710 (le-

104 1743 259 1811 daohtcn
283 1739 434 1832 ergdnzt:
459 1747 528 1812 Cic.
551 1747 605 1810 off.
628 1745 658 1827 2,
681 1746 724 1810 20
745 1745 836 1810 illum
852 1747 990 1812 fortasse
1006 1746 1233 1832 adiuvat,'qni

103 1844 202 1932 habct3
223 1871 265 1913 ne
288 1848 322 1914 id
344 1847 475 1936 quidem
499 1869 642 1934 semper:
667 1846 725 1912 sed
747 1847 800 1914 fac
826 1849 957 1932 iuvare3
986 1849 1132 1914 utentior
1154 1870 1233 1912 sane

103 1946 146 2029 sit,
166 1949 330 2015 honestior
351 1971 430 2017 vero
453 1949 614 2038 quomodo
638 1953 695 2034 (sc.
720 1959 770 2014 est
792 1952 871 2015 oder
892 1951 993 2036 erit)?
1014 1947 1113 2014 Tusc.
1139 1953 1167 2032 1,
1190 1951 1232 2014 36

102 2048 151 2113 sed
171 2050 230 2116 hoc
252 2055 358 2138 ipsum
382 2052 595 2136 concedatur,
623 2051 716 2117 bonis
744 2051 841 2117 rebus
870 2052 1018 2117 homines
1043 2062 1147 2116 morte
1170 2054 1232 2139 pri·

102 2151 175 2217 vari:
198 2175 276 2238 ergo
298 2155 396 2218 etiam
419 2154 641 2240 (concedetur)
665 2175 776 2219 carere
790 2163 935 2220 mortuos
951 2155 1039 2220 vitae
1054 2154 1232 2220 commodis

100 2251 187 2339 idqne
208 2275 282 2318 csse
304 2255 485 2320 miserum?
507 2256 588 2321 Hor.
612 2265 670 2322 sat,
696 2258 724 2339 1,
748 2257 778 2341 0,
800 2256 842 2320 49
857 2256 1014 2342 dissimile
1032 2256 1093 2321 hoc
1110 2254 1158 2320 illi
1172 2267 1231 2335 est,

101 2355 262 2438 quianon,
286 2365 322 2420 ut
344 2357 439 2422 forsit
460 2357 616 2423 honorem
638 2359 709 2424 iure
725 2357 804 2422 mihi
820 2357 968 2422 invideat
990 2359 1109 2445 quivis,
1133 2357 1232 2422 itate

100 2477 216 2544 quoque
244 2458 385 2550 amicum
414 2458 582 2546 (invidet).
633 2459 774 2539 Quintil.
802 2461 834 2542 4,
866 2463 894 2543 1,
921 2461 942 2524 5
969 2483 1033 2525 non
1063 2461 1141 2548 qnia
1168 2461 1233 2524 ista

100 2578 149 2641 111
169 2567 270 2625 totam
293 2560 452 2627 actionem
476 2562 542 2626 sint
570 2562 800 2643 custodienda,
829 2561 887 2625 sed
917 2561 993 2648 qnia
1015 2562 1116 2626 initiis
1140 2583 1231 2647 prae·
1278 2591 1279 2596 ¹

100 2660 184 2745 cipue
211 2662 396 2727 necessaria
424 2664 541 2749 (sunt).
586 2662 655 2727 Cic.
684 2685 715 2750 p.
739 2663 820 2730 Rab.
842 2663 931 2728 Post.
961 2665 1011 2746 11,
1035 2663 1077 2728 30
1097 2685 1163 2728 non
1185 2663 1233 2726 in·

100 2759 211 2847 telligo,
229 2773 338 2852 utrum
353 2765 572 2830 accessionem
589 2764 744 2830 decumae
758 2787 800 2829 an
816 2765 1039 2831 decessionem
1054 2764 1233 2829 desummo

99 2861 220 2948 feccrit3
250 2865 280 2928 si
307 2867 526 2932 accessionem
556 2866 680 2952 (fecit),
709 2867 861 2932 undecim
890 2865 979 2931 milia
1008 2867 1167 2932 talentum
1189 2866 1231 2931 ad

100 2961 268 3030 Gabinium
297 2979 528 3058 pervenerunt.
573 2967 642 3036 Au.
671 2969 701 3049 8,
731 2970 781 3050 ll,
810 2971 831 3033 5
858 2968 943 3055 qnod
974 2970 1118 3056 quaeris,
1153 2969 1231 3053 quid

99 3067 272 3153 scripserit:
304 3069 463 3156 (scripsit)
487 3068 576 3156 quod
597 3091 695 3156 saepe
718 3070 890 3158 (scripsit).
918 3078 1004 3156 part.
1034 3078 1113 3134 orat.
1137 3075 1167 3152 7,
1190 3070 1232 3133 23

99 3189 173 3252 qnae
195 3169 398 3258 simplicibus
420 3173 454 3236 in
477 3171 586 3237 verbis
602 3173 648 3236 ita
665 3181 835 3252 tractatur,
858 3181 895 3236 ut
916 3181 973 3236 aut
994 3193 1037 3236 ex
1059 3170 1160 3235 verbo
1185 3171 1231 3235 di-

99 3266 210 3334 latetur
231 3283 288 3338 aut
310 3275 344 3337 in
368 3275 503 3337 verbum
526 3272 739 3338 contrahatur
761 3273 880 3357 orati03
911 3273 1076 3339 ex·verbo
1100 3272 1232 3358 (dilata-

97 3375 167 3455 tor),
189 3393 260 3438 cum
283 3385 343 3440 aut
365 3375 532 3462 proprium
555 3385 613 3440 aut
628 3385 687 3440 ott
718 3375 808 3440 Suet.
832 3372 949 3440 illustr.
964 3397 1099 3460 gramm.
1123 3377 1234 3439 4111111

98 3473 147 3556 qui
169 3472 346 3542 litteratum
368 3498 389 3540 a
412 3475 592 3542 litteratore
620 3477 842 3560 distinguant,
871 3486 908 3541 ut
930 3477 1047 3542 Graeci
1071 3497 1231 3562 gramma-

98 3573 190 3638 ticum
217 3577 485 3662 agrammatista
513 3578 757 3663 (distinguunt).
802 3577 949 3643 Seltener
975 3577 1053 3662 geht
1082 3576 1151 3640 hier
1179 3576 1232 3640 die

99 3672 215 3762 Ellipse
242 3677 316 3744 dem
344 3679 598 3765 voltsmndigem
627 3678 744 3745 Gliede
779 3679 898 3745 vorant
903 3703 910 3742 ε
946 3680 1019 3744 Liv.
1049 3679 1079 3760 7,
1109 3679 1162 3761 30,
1190 3679 1232 3742 23

96 3771 227 3844 alterum
254 3802 448 3868 responsum
476 3781 614 3847 salutem
642 3781 813 3846 victoriam
841 3781 946 3847 lucem
974 3803 1012 3845 ac
1046 3779 1231 3844 libertatem

98 3877 286 3968 (scierat),
315 3884 453 3949 alterum
482 3920 522 3931 -
550 3883 686 3947 ominari
715 3883 847 3965 horreo,
875 3905 958 3970 quae
986 3883 1081 3947 ferat.
1110 3883 1163 3963 40,
1194 3883 1233 3946 10

97 3999 197 4066 neque
215 3983 347 4049 hercule
369 3987 469 4049 istum
491 3985 571 4049 mihi
593 3994 721 4050 tantum
744 3984 836 4050 fratri
862 3985 977 4050 maiori
1001 3985 1232 4071 (praeferunt),

98 4083 151 4146 sed
174 4105 271 4172 prope
293 4095 402 4152 estut
424 4087 485 4152 tibi
508 4109 636 4175 quoqne
659 4088 733 4173 ipsi,
756 4087 826 4172 regi
850 4097 882 4152 et
904 4087 1006 4174 patri,
1035 4087 1231 4172 praeferant.
1343 4119 1348 4128 ·

97 4181 176 4248 Hor.
198 4200 255 4253 sat.
281 4191 308 4271 l,
336 4190 364 4271 1,
386 4189 429 4253 23
451 4197 637 4273 praeterea,
666 4209 707 4252 ne
736 4188 800 4272 sic,
829 4189 941 4274 utqui
969 4187 1126 4254 iocularia
1149 4191 1231 4273 (per-

98 4289 250 4373 currunt),
272 4291 384 4354 ridens
400 4312 599 4377 percurram.
636 4290 704 4356 llio.
721 4291 775 4354 lin.
800 4291 829 4370 3,
853 4290 883 4370 6,
907 4288 1057 4375 20111111
1080 4309 1152 4353 cnm
1175 4311 1231 4375 po·

98 4386 194 4450 situm
214 4392 303 4457 sitin
319 4413 365 4474 co,
390 4393 476 4478 quod
495 4386 676 4474 ὁμολογίαν
691 4392 791 4456 Stoici
816 4389 1020 4477 (appellant),
1044 4412 1102 4455 nos
1121 4389 1232 4476 appol·

99 4483 200 4551 lemus
221 4493 493 4576 convenientium,
525 4494 552 4556 si
575 4493 683 4579 placet
707 4531 746 4542 -
775 4515 846 4556 cum
871 4494 970 4576 igitur
993 4494 1025 4557 in
1049 4515 1086 4556 eo
1110 4494 1151 4555 sit
1174 4501 1231 4557 ctt.
