<?xml version="1.0" encoding="UTF-8"?>
<!DOCTYPE html PUBLIC "-//W3C//DTD XHTML 1.0 Transitional//EN"
    "http://www.w3.org/TR/xhtml1/DTD/xhtml1-transitional.dtd">
<html xmlns="http://www.w3.org/1999/xhtml" xml:lang="en" lang="en">
 <head>
  <title>
</title>
<meta http-equiv="Content-Type" content="text/html;charset=utf-8" />
  <meta name='ocr-system' content='tesseract 3.04.00' />
  <meta name='ocr-capabilities' content='ocr_page ocr_carea ocr_par ocr_line ocrx_word'/>
</head>
<body>
  <div class='ocr_page' id='page_1' title='image "./historischesynt04draegoog/historischesynt04draegoog_0581.png"; bbox 0 0 3070 5146; ppageno 0'>
   <div class='ocr_carea' id='block_1_1' title="bbox 565 372 796 438">
    <p class='ocr_par' dir='ltr' id='par_1_1' title="bbox 565 372 796 438">
     <span class='ocr_line' id='line_1_1' title="bbox 565 372 796 438; baseline 0 -20"><span class='ocrx_word' id='word_1_1' title='bbox 565 372 796 438; x_wconf 70' lang='lat'>..541-</span> 
     </span>
    </p>
   </div>
   <div class='ocr_carea' id='block_1_2' title="bbox 91 520 1335 4592">
    <p class='ocr_par' dir='ltr' id='par_1_2' title="bbox 92 520 1253 3160">
     <span class='ocr_line' id='line_1_2' title="bbox 102 520 1253 610; baseline 0.005 -22"><span class='ocrx_word' id='word_1_2' title='bbox 102 520 196 610; x_wconf 87' lang='lat' dir='ltr'>apud</span> <span class='ocrx_word' id='word_1_3' title='bbox 220 545 255 590; x_wconf 89' lang='lat' dir='ltr'>se</span> <span class='ocrx_word' id='word_1_4' title='bbox 278 545 343 588; x_wconf 93' lang='lat' dir='ltr'>non</span> <span class='ocrx_word' id='word_1_5' title='bbox 365 531 424 590; x_wconf 89' lang='lat' dir='ltr'>est.</span> <span class='ocrx_word' id='word_1_6' title='bbox 448 561 487 572; x_wconf 94' lang='lat'><em>-</em></span> <span class='ocrx_word' id='word_1_7' title='bbox 511 523 570 590; x_wconf 89' lang='lat' dir='ltr'>Bei</span> <span class='ocrx_word' id='word_1_8' title='bbox 593 525 758 590; x_wconf 81' lang='lat' dir='ltr'>(litaten</span> <span class='ocrx_word' id='word_1_9' title='bbox 780 547 840 591; x_wconf 90' lang='lat' dir='ltr'>aus</span> <span class='ocrx_word' id='word_1_10' title='bbox 864 524 1131 609; x_wconf 80' lang='lat' dir='ltr'>schriftstsllern,</span> <span class='ocrx_word' id='word_1_11' title='bbox 1160 553 1188 594; x_wconf 82' lang='lat' dir='ltr'>a.</span> <span class='ocrx_word' id='word_1_12' title='bbox 1214 529 1253 594; x_wconf 92' lang='lat' dir='ltr'>B.</span> 
     </span>
     <span class='ocr_line' id='line_1_3' title="bbox 102 625 1252 717; baseline 0.005 -27"><span class='ocrx_word' id='word_1_13' title='bbox 102 625 175 690; x_wconf 79' lang='lat' dir='ltr'>(lio.</span> <span class='ocrx_word' id='word_1_14' title='bbox 207 625 249 690; x_wconf 95' lang='lat' dir='ltr'>de</span> <span class='ocrx_word' id='word_1_15' title='bbox 277 647 345 690; x_wconf 86' lang='lat' dir='ltr'>aen.</span> <span class='ocrx_word' id='word_1_16' title='bbox 374 625 416 690; x_wconf 94' lang='grc'>22</span> <span class='ocrx_word' id='word_1_17' title='bbox 443 627 532 712; x_wconf 90' lang='lat' dir='ltr'>apud</span> <span class='ocrx_word' id='word_1_18' title='bbox 561 625 810 714; x_wconf 80' lang='lat' dir='ltr'><strong>Xenophontem</strong></span> <span class='ocrx_word' id='word_1_19' title='bbox 838 637 947 694; x_wconf 88' lang='lat' dir='ltr'>autem</span> <span class='ocrx_word' id='word_1_20' title='bbox 975 630 1115 696; x_wconf 88' lang='lat' dir='ltr'>moriens</span> <span class='ocrx_word' id='word_1_21' title='bbox 1145 629 1252 717; x_wconf 81' lang='lat' dir='ltr'>Cyrus</span> 
     </span>
     <span class='ocr_line' id='line_1_4' title="bbox 101 726 1252 814; baseline 0.006 -23"><span class='ocrx_word' id='word_1_22' title='bbox 101 726 212 792; x_wconf 89' lang='lat' dir='ltr'>maior</span> <span class='ocrx_word' id='word_1_23' title='bbox 245 728 325 792; x_wconf 90' lang='lat' dir='ltr'>haec</span> <span class='ocrx_word' id='word_1_24' title='bbox 358 726 449 793; x_wconf 91' lang='lat' dir='ltr'>dicit.</span> <span class='ocrx_word' id='word_1_25' title='bbox 496 727 574 794; x_wconf 90' lang='lat' dir='ltr'>Und</span> <span class='ocrx_word' id='word_1_26' title='bbox 609 752 645 794; x_wconf 88' lang='lat' dir='ltr'>so</span> <span class='ocrx_word' id='word_1_27' title='bbox 679 728 773 796; x_wconf 75' lang='lat' dir='ltr'>diter.</span> <span class='ocrx_word' id='word_1_28' title='bbox 809 767 847 776; x_wconf 92' lang='lat'><strong>—</strong></span> <span class='ocrx_word' id='word_1_29' title='bbox 884 730 957 794; x_wconf 91' lang='lat' dir='ltr'>Von</span> <span class='ocrx_word' id='word_1_30' title='bbox 992 729 1141 814; x_wconf 90' lang='lat' dir='ltr'>Sitteu‚</span> <span class='ocrx_word' id='word_1_31' title='bbox 1176 732 1252 798; x_wconf 85' lang='lat' dir='ltr'>Ge-</span> 
     </span>
     <span class='ocr_line' id='line_1_5' title="bbox 101 827 1252 909; baseline 0.005 -16"><span class='ocrx_word' id='word_1_32' title='bbox 101 829 365 894; x_wconf 84' lang='lat' dir='ltr'>wobnheiten</span> <span class='ocrx_word' id='word_1_33' title='bbox 386 827 455 896; x_wconf 89' lang='lat' dir='ltr'>und</span> <span class='ocrx_word' id='word_1_34' title='bbox 477 829 709 909; x_wconf 83' lang='lat' dir='ltr'>Urtheilen,</span> <span class='ocrx_word' id='word_1_35' title='bbox 733 831 786 895; x_wconf 90' lang='lat' dir='ltr'>die</span> <span class='ocrx_word' id='word_1_36' title='bbox 803 831 854 896; x_wconf 89' lang='lat' dir='ltr'>bei</span> <span class='ocrx_word' id='word_1_37' title='bbox 870 830 1035 899; x_wconf 90' lang='lat' dir='ltr'>Personen</span> <span class='ocrx_word' id='word_1_38' title='bbox 1052 832 1252 899; x_wconf 88' lang='lat' dir='ltr'>herrschend</span> 
     </span>
     <span class='ocr_line' id='line_1_6' title="bbox 100 929 1250 1021; baseline 0.003 -25"><span class='ocrx_word' id='word_1_39' title='bbox 100 931 193 996; x_wconf 88' lang='lat' dir='ltr'>sind:</span> <span class='ocrx_word' id='word_1_40' title='bbox 220 929 295 996; x_wconf 86' lang='lat' dir='ltr'>Ter.</span> <span class='ocrx_word' id='word_1_41' title='bbox 314 931 399 996; x_wconf 79' lang='lat' dir='ltr'>Eun.</span> <span class='ocrx_word' id='word_1_42' title='bbox 422 933 450 1012; x_wconf 90' lang='lat'>1,</span> <span class='ocrx_word' id='word_1_43' title='bbox 471 932 503 1014; x_wconf 82' lang='lat'>2,</span> <span class='ocrx_word' id='word_1_44' title='bbox 527 933 566 996; x_wconf 92' lang='grc'>10</span> <span class='ocrx_word' id='word_1_45' title='bbox 588 933 665 1019; x_wconf 90' lang='lat' dir='ltr'>quia</span> <span class='ocrx_word' id='word_1_46' title='bbox 686 955 759 997; x_wconf 86' lang='lat' dir='ltr'>sum</span> <span class='ocrx_word' id='word_1_47' title='bbox 781 933 869 1020; x_wconf 89' lang='lat' dir='ltr'>apud</span> <span class='ocrx_word' id='word_1_48' title='bbox 892 944 924 998; x_wconf 89' lang='lat' dir='ltr'>te</span> <span class='ocrx_word' id='word_1_49' title='bbox 946 935 1069 1021; x_wconf 89' lang='lat' dir='ltr'>primus</span> <span class='ocrx_word' id='word_1_50' title='bbox 1093 935 1148 1020; x_wconf 83' lang='lat'>(=</span> <span class='ocrx_word' id='word_1_51' title='bbox 1164 935 1250 1017; x_wconf 87' lang='lat' dir='ltr'>tibi).</span> 
     </span>
     <span class='ocr_line' id='line_1_7' title="bbox 100 1033 1251 1122; baseline 0.002 -22"><span class='ocrx_word' id='word_1_52' title='bbox 100 1033 173 1100; x_wconf 82' lang='lat' dir='ltr'>Cic.</span> <span class='ocrx_word' id='word_1_53' title='bbox 198 1033 325 1116; x_wconf 68' lang='grc'><strong>11112,</strong></span> <span class='ocrx_word' id='word_1_54' title='bbox 351 1033 390 1096; x_wconf 90' lang='grc'>19</span> <span class='ocrx_word' id='word_1_55' title='bbox 418 1033 501 1098; x_wconf 89' lang='lat' dir='ltr'>nibil</span> <span class='ocrx_word' id='word_1_56' title='bbox 528 1056 578 1098; x_wconf 92' lang='lat' dir='ltr'>me</span> <span class='ocrx_word' id='word_1_57' title='bbox 607 1034 736 1121; x_wconf 83' lang='lat' dir='ltr'>turpius</span> <span class='ocrx_word' id='word_1_58' title='bbox 765 1035 853 1121; x_wconf 91' lang='lat' dir='ltr'>apud</span> <span class='ocrx_word' id='word_1_59' title='bbox 881 1036 1028 1101; x_wconf 89' lang='lat' dir='ltr'>homines</span> <span class='ocrx_word' id='word_1_60' title='bbox 1056 1035 1174 1104; x_wconf 82' lang='lat' dir='ltr'>luisset</span> <span class='ocrx_word' id='word_1_61' title='bbox 1203 1037 1251 1122; x_wconf 90' lang='lat' dir='ltr'>(in</span> 
     </span>
     <span class='ocr_line' id='line_1_8' title="bbox 100 1135 1251 1226; baseline 0.003 -25"><span class='ocrx_word' id='word_1_62' title='bbox 100 1137 166 1201; x_wconf 89' lang='lat' dir='ltr'>den</span> <span class='ocrx_word' id='word_1_63' title='bbox 203 1135 341 1220; x_wconf 84' lang='lat' dir='ltr'>Augen,</span> <span class='ocrx_word' id='word_1_64' title='bbox 373 1136 407 1200; x_wconf 92' lang='lat' dir='ltr'>in</span> <span class='ocrx_word' id='word_1_65' title='bbox 440 1135 498 1200; x_wconf 93' lang='lat' dir='ltr'>der</span> <span class='ocrx_word' id='word_1_66' title='bbox 524 1135 683 1220; x_wconf 84' lang='lat' dir='ltr'>Meinung</span> <span class='ocrx_word' id='word_1_67' title='bbox 715 1137 774 1200; x_wconf 90' lang='lat' dir='ltr'>der</span> <span class='ocrx_word' id='word_1_68' title='bbox 800 1136 1005 1224; x_wconf 89' lang='lat' dir='ltr'>Menschen).</span> <span class='ocrx_word' id='word_1_69' title='bbox 1045 1139 1076 1220; x_wconf 83' lang='lat'>4,</span> <span class='ocrx_word' id='word_1_70' title='bbox 1114 1141 1128 1202; x_wconf 96' lang='grc'><strong>1</strong></span> <span class='ocrx_word' id='word_1_71' title='bbox 1162 1139 1251 1226; x_wconf 91' lang='lat' dir='ltr'>apud</span> 
     </span>
     <span class='ocr_line' id='line_1_9' title="bbox 98 1237 1250 1326; baseline 0.007 -28"><span class='ocrx_word' id='word_1_72' title='bbox 98 1239 193 1302; x_wconf 83' lang='lat' dir='ltr'>viros</span> <span class='ocrx_word' id='word_1_73' title='bbox 221 1238 322 1302; x_wconf 92' lang='lat' dir='ltr'>bonos</span> <span class='ocrx_word' id='word_1_74' title='bbox 343 1237 482 1322; x_wconf 85' lang='lat' dir='ltr'>gratiam</span> <span class='ocrx_word' id='word_1_75' title='bbox 505 1237 610 1323; x_wconf 87' lang='lat' dir='ltr'>magis</span> <span class='ocrx_word' id='word_1_76' title='bbox 637 1260 735 1324; x_wconf 88' lang='lat' dir='ltr'>quarn</span> <span class='ocrx_word' id='word_1_77' title='bbox 763 1248 912 1326; x_wconf 85' lang='lat' dir='ltr'>optamus</span> <span class='ocrx_word' id='word_1_78' title='bbox 941 1241 1106 1306; x_wconf 76' lang='lat' dir='ltr'>consecuti</span> <span class='ocrx_word' id='word_1_79' title='bbox 1128 1263 1250 1306; x_wconf 86' lang='lat' dir='ltr'>sumus.</span> 
     </span>
     <span class='ocr_line' id='line_1_10' title="bbox 98 1337 1251 1426; baseline 0.003 -24"><span class='ocrx_word' id='word_1_80' title='bbox 98 1337 234 1410; x_wconf 80' lang='lat' dir='ltr'>Lael.4</span> <span class='ocrx_word' id='word_1_81' title='bbox 254 1337 328 1423; x_wconf 87' lang='lat' dir='ltr'>plus</span> <span class='ocrx_word' id='word_1_82' title='bbox 348 1337 436 1426; x_wconf 91' lang='lat' dir='ltr'>apud</span> <span class='ocrx_word' id='word_1_83' title='bbox 456 1361 508 1404; x_wconf 90' lang='lat' dir='ltr'>me</span> <span class='ocrx_word' id='word_1_84' title='bbox 528 1339 735 1425; x_wconf 88' lang='lat' dir='ltr'>antiquorum</span> <span class='ocrx_word' id='word_1_85' title='bbox 758 1341 934 1408; x_wconf 86' lang='lat' dir='ltr'>auctoritas</span> <span class='ocrx_word' id='word_1_86' title='bbox 954 1342 1046 1408; x_wconf 74' lang='lat' dir='ltr'>valet.</span> <span class='ocrx_word' id='word_1_87' title='bbox 1077 1340 1251 1408; x_wconf 77' lang='lat' dir='ltr'>Dolabella</span> 
     </span>
     <span class='ocr_line' id='line_1_11' title="bbox 96 1439 1249 1529; baseline 0.005 -25"><span class='ocrx_word' id='word_1_88' title='bbox 96 1463 152 1526; x_wconf 90' lang='lat' dir='ltr'>ap.</span> <span class='ocrx_word' id='word_1_89' title='bbox 187 1439 259 1506; x_wconf 86' lang='lat' dir='ltr'>Cic.</span> <span class='ocrx_word' id='word_1_90' title='bbox 289 1439 367 1506; x_wconf 85' lang='lat' dir='ltr'>fam.</span> <span class='ocrx_word' id='word_1_91' title='bbox 397 1443 427 1522; x_wconf 77' lang='lat' dir='ltr'>tl,</span> <span class='ocrx_word' id='word_1_92' title='bbox 456 1440 487 1523; x_wconf 88' lang='grc'>9,</span> <span class='ocrx_word' id='word_1_93' title='bbox 517 1440 537 1506; x_wconf 89' lang='grc'>9</span> <span class='ocrx_word' id='word_1_94' title='bbox 564 1463 652 1506; x_wconf 88' lang='lat' dir='ltr'>meas</span> <span class='ocrx_word' id='word_1_95' title='bbox 688 1453 798 1508; x_wconf 89' lang='lat' dir='ltr'>tamen</span> <span class='ocrx_word' id='word_1_96' title='bbox 825 1463 937 1528; x_wconf 90' lang='lat' dir='ltr'>preces</span> <span class='ocrx_word' id='word_1_97' title='bbox 966 1443 1054 1529; x_wconf 90' lang='lat' dir='ltr'>apud</span> <span class='ocrx_word' id='word_1_98' title='bbox 1083 1465 1156 1507; x_wconf 89' lang='lat' dir='ltr'>eum</span> <span class='ocrx_word' id='word_1_99' title='bbox 1185 1466 1249 1510; x_wconf 92' lang='lat' dir='ltr'>uon</span> 
     </span>
     <span class='ocr_line' id='line_1_12' title="bbox 97 1539 1249 1630; baseline 0.003 -24"><span class='ocrx_word' id='word_1_100' title='bbox 97 1541 274 1606; x_wconf 88' lang='lat' dir='ltr'>minimum</span> <span class='ocrx_word' id='word_1_101' title='bbox 290 1543 494 1606; x_wconf 80' lang='lat' dir='ltr'>auctoritatis</span> <span class='ocrx_word' id='word_1_102' title='bbox 509 1541 677 1609; x_wconf 88' lang='lat' dir='ltr'>habituras</span> <span class='ocrx_word' id='word_1_103' title='bbox 694 1552 781 1630; x_wconf 86' lang='lat' dir='ltr'>puto.</span> <span class='ocrx_word' id='word_1_104' title='bbox 812 1566 844 1630; x_wconf 89' lang='lat' dir='ltr'>p.</span> <span class='ocrx_word' id='word_1_105' title='bbox 866 1543 951 1608; x_wconf 85' lang='lat' dir='ltr'>Mur.</span> <span class='ocrx_word' id='word_1_106' title='bbox 974 1545 1015 1610; x_wconf 84' lang='lat'>36</span> <span class='ocrx_word' id='word_1_107' title='bbox 1037 1546 1088 1609; x_wconf 89' lang='lat' dir='ltr'>vir</span> <span class='ocrx_word' id='word_1_108' title='bbox 1103 1539 1249 1611; x_wconf 89' lang='lat' dir='ltr'>eruditus</span> 
     </span>
     <span class='ocr_line' id='line_1_13' title="bbox 97 1644 1248 1733; baseline 0.003 -25"><span class='ocrx_word' id='word_1_109' title='bbox 97 1644 191 1730; x_wconf 89' lang='lat' dir='ltr'>apud</span> <span class='ocrx_word' id='word_1_110' title='bbox 215 1652 325 1729; x_wconf 88' lang='lat' dir='ltr'>patres</span> <span class='ocrx_word' id='word_1_111' title='bbox 347 1653 474 1711; x_wconf 88' lang='lat' dir='ltr'>nostros</span> <span class='ocrx_word' id='word_1_112' title='bbox 497 1645 532 1730; x_wconf 91' lang='lat' dir='ltr'>(i.</span> <span class='ocrx_word' id='word_1_113' title='bbox 549 1667 577 1710; x_wconf 90' lang='lat' dir='ltr'>e.</span> <span class='ocrx_word' id='word_1_114' title='bbox 595 1646 837 1712; x_wconf 79' lang='lat' dir='ltr'>existimatione</span> <span class='ocrx_word' id='word_1_115' title='bbox 852 1647 1007 1733; x_wconf 84' lang='lat' dir='ltr'>patrum).</span> <span class='ocrx_word' id='word_1_116' title='bbox 1030 1683 1071 1694; x_wconf 91' lang='lat'><em>-</em></span> <span class='ocrx_word' id='word_1_117' title='bbox 1094 1647 1180 1712; x_wconf 88' lang='lat' dir='ltr'>Liv.</span> <span class='ocrx_word' id='word_1_118' title='bbox 1195 1647 1248 1728; x_wconf 87' lang='grc'>29,</span> 
     </span>
     <span class='ocr_line' id='line_1_14' title="bbox 96 1746 1248 1836; baseline 0.002 -26"><span class='ocrx_word' id='word_1_119' title='bbox 96 1746 139 1810; x_wconf 92' lang='grc'>22</span> <span class='ocrx_word' id='word_1_120' title='bbox 172 1746 265 1832; x_wconf 90' lang='lat' dir='ltr'>apud</span> <span class='ocrx_word' id='word_1_121' title='bbox 298 1756 551 1836; x_wconf 86' lang='lat' dir='ltr'>praeoccupatos</span> <span class='ocrx_word' id='word_1_122' title='bbox 585 1747 796 1814; x_wconf 87' lang='lat' dir='ltr'>Locrensium</span> <span class='ocrx_word' id='word_1_123' title='bbox 835 1746 930 1812; x_wconf 88' lang='lat' dir='ltr'>clade</span> <span class='ocrx_word' id='word_1_124' title='bbox 965 1748 1090 1814; x_wconf 86' lang='lat' dir='ltr'>animos</span> <span class='ocrx_word' id='word_1_125' title='bbox 1125 1747 1248 1813; x_wconf 89' lang='lat' dir='ltr'>nullum</span> 
     </span>
     <span class='ocr_line' id='line_1_15' title="bbox 97 1846 1248 1936; baseline 0.003 -24"><span class='ocrx_word' id='word_1_126' title='bbox 97 1846 348 1914; x_wconf 88' lang='lat' dir='ltr'>misericordiae</span> <span class='ocrx_word' id='word_1_127' title='bbox 382 1848 488 1914; x_wconf 89' lang='lat' dir='ltr'>locum</span> <span class='ocrx_word' id='word_1_128' title='bbox 522 1847 715 1914; x_wconf 87' lang='lat' dir='ltr'>habuerunt.</span> <span class='ocrx_word' id='word_1_129' title='bbox 757 1849 793 1930; x_wconf 87' lang='grc'>2,</span> <span class='ocrx_word' id='word_1_130' title='bbox 830 1850 868 1913; x_wconf 92' lang='grc'>12</span> <span class='ocrx_word' id='word_1_131' title='bbox 901 1860 951 1915; x_wconf 89' lang='lat' dir='ltr'>est</span> <span class='ocrx_word' id='word_1_132' title='bbox 985 1871 1035 1936; x_wconf 88' lang='lat' dir='ltr'>ap.</span> <span class='ocrx_word' id='word_1_133' title='bbox 1070 1859 1102 1914; x_wconf 90' lang='lat' dir='ltr'>te</span> <span class='ocrx_word' id='word_1_134' title='bbox 1135 1851 1248 1916; x_wconf 87' lang='lat' dir='ltr'>virtuti</span> 
     </span>
     <span class='ocr_line' id='line_1_16' title="bbox 96 1950 1248 2038; baseline 0.002 -24"><span class='ocrx_word' id='word_1_135' title='bbox 96 1952 214 2015; x_wconf 88' lang='lat' dir='ltr'>honos.</span> <span class='ocrx_word' id='word_1_136' title='bbox 253 1950 341 2015; x_wconf 80' lang='lat' dir='ltr'>Tac.</span> <span class='ocrx_word' id='word_1_137' title='bbox 371 1951 467 2034; x_wconf 70' lang='lat' dir='ltr'>Aga·</span> <span class='ocrx_word' id='word_1_138' title='bbox 482 1951 524 2014; x_wconf 89' lang='grc'>22</span> <span class='ocrx_word' id='word_1_139' title='bbox 555 1951 643 2038; x_wconf 85' lang='lat' dir='ltr'>apud</span> <span class='ocrx_word' id='word_1_140' title='bbox 672 1950 830 2038; x_wconf 88' lang='lat' dir='ltr'>quosdam</span> <span class='ocrx_word' id='word_1_141' title='bbox 859 1950 1007 2017; x_wconf 84' lang='lat' dir='ltr'>acerbior</span> <span class='ocrx_word' id='word_1_142' title='bbox 1034 1953 1067 2015; x_wconf 92' lang='lat' dir='ltr'>in</span> <span class='ocrx_word' id='word_1_143' title='bbox 1096 1951 1248 2016; x_wconf 90' lang='lat' dir='ltr'>convitiis</span> 
     </span>
     <span class='ocr_line' id='line_1_17' title="bbox 96 2050 1248 2140; baseline 0.002 -24"><span class='ocrx_word' id='word_1_144' title='bbox 96 2055 312 2118; x_wconf 88' lang='lat' dir='ltr'>narrabatur.</span> <span class='ocrx_word' id='word_1_145' title='bbox 342 2050 373 2115; x_wconf 92' lang='lat' dir='ltr'>b.</span> <span class='ocrx_word' id='word_1_146' title='bbox 395 2052 425 2135; x_wconf 92' lang='grc'>2,</span> <span class='ocrx_word' id='word_1_147' title='bbox 450 2054 490 2118; x_wconf 81' lang='grc'><strong>16</strong></span> <span class='ocrx_word' id='word_1_148' title='bbox 511 2054 591 2118; x_wconf 85' lang='lat' dir='ltr'>satis</span> <span class='ocrx_word' id='word_1_149' title='bbox 620 2053 728 2118; x_wconf 88' lang='lat' dir='ltr'>clarus</span> <span class='ocrx_word' id='word_1_150' title='bbox 757 2063 807 2118; x_wconf 88' lang='lat' dir='ltr'>est</span> <span class='ocrx_word' id='word_1_151' title='bbox 834 2051 921 2140; x_wconf 91' lang='lat' dir='ltr'>apud</span> <span class='ocrx_word' id='word_1_152' title='bbox 949 2055 1133 2134; x_wconf 89' lang='lat' dir='ltr'>timentem,</span> <span class='ocrx_word' id='word_1_153' title='bbox 1161 2053 1248 2138; x_wconf 90' lang='lat' dir='ltr'>quis·</span> 
     </span>
     <span class='ocr_line' id='line_1_18' title="bbox 96 2153 1247 2242; baseline 0 -22"><span class='ocrx_word' id='word_1_154' title='bbox 96 2156 173 2242; x_wconf 89' lang='lat' dir='ltr'>quis</span> <span class='ocrx_word' id='word_1_155' title='bbox 208 2153 355 2218; x_wconf 85' lang='lat' dir='ltr'>timetur.</span> <span class='ocrx_word' id='word_1_156' title='bbox 399 2153 439 2218; x_wconf 89' lang='grc'>91</span> <span class='ocrx_word' id='word_1_157' title='bbox 477 2155 565 2242; x_wconf 88' lang='lat' dir='ltr'>apud</span> <span class='ocrx_word' id='word_1_158' title='bbox 598 2155 765 2221; x_wconf 86' lang='lat' dir='ltr'>civitatem</span> <span class='ocrx_word' id='word_1_159' title='bbox 796 2193 839 2202; x_wconf 93' lang='lat'>—-</span> <span class='ocrx_word' id='word_1_160' title='bbox 871 2155 992 2220; x_wconf 86' lang='lat' dir='ltr'>funesti</span> <span class='ocrx_word' id='word_1_161' title='bbox 1025 2155 1142 2220; x_wconf 89' lang='lat' dir='ltr'>ominis</span> <span class='ocrx_word' id='word_1_162' title='bbox 1176 2153 1247 2220; x_wconf 92' lang='lat' dir='ltr'>loco</span> 
     </span>
     <span class='ocr_line' id='line_1_19' title="bbox 95 2256 1246 2346; baseline 0.002 -26"><span class='ocrx_word' id='word_1_163' title='bbox 95 2265 272 2342; x_wconf 83' lang='lat' dir='ltr'>acceptum</span> <span class='ocrx_word' id='word_1_164' title='bbox 305 2265 366 2320; x_wconf 89' lang='lat' dir='ltr'>est.</span> <span class='ocrx_word' id='word_1_165' title='bbox 402 2277 475 2326; x_wconf 89' lang='lat' dir='ltr'>ann.</span> <span class='ocrx_word' id='word_1_166' title='bbox 508 2261 542 2340; x_wconf 89' lang='lat'>1,</span> <span class='ocrx_word' id='word_1_167' title='bbox 570 2257 590 2321; x_wconf 92' lang='grc'>9</span> <span class='ocrx_word' id='word_1_168' title='bbox 623 2256 712 2344; x_wconf 88' lang='lat' dir='ltr'>apud</span> <span class='ocrx_word' id='word_1_169' title='bbox 744 2257 921 2346; x_wconf 73' lang='lat' dir='ltr'>prudentes</span> <span class='ocrx_word' id='word_1_170' title='bbox 956 2257 1027 2322; x_wconf 89' lang='lat' dir='ltr'>vita</span> <span class='ocrx_word' id='word_1_171' title='bbox 1056 2256 1127 2322; x_wconf 89' lang='lat' dir='ltr'>eius</span> <span class='ocrx_word' id='word_1_172' title='bbox 1156 2257 1246 2322; x_wconf 92' lang='lat' dir='ltr'>varie</span> 
     </span>
     <span class='ocr_line' id='line_1_20' title="bbox 95 2355 1246 2447; baseline -0.001 -23"><span class='ocrx_word' id='word_1_173' title='bbox 95 2356 324 2425; x_wconf 84' lang='lat' dir='ltr'>extollebatur</span> <span class='ocrx_word' id='word_1_174' title='bbox 345 2358 598 2442; x_wconf 86' lang='lat' dir='ltr'>arguebaturve.</span> <span class='ocrx_word' id='word_1_175' title='bbox 633 2360 665 2443; x_wconf 86' lang='lat'>4,</span> <span class='ocrx_word' id='word_1_176' title='bbox 689 2361 730 2425; x_wconf 83' lang='grc'>72</span> <span class='ocrx_word' id='word_1_177' title='bbox 757 2358 844 2447; x_wconf 88' lang='lat' dir='ltr'>apud</span> <span class='ocrx_word' id='word_1_178' title='bbox 868 2357 1050 2424; x_wconf 86' lang='lat' dir='ltr'>Germanos</span> <span class='ocrx_word' id='word_1_179' title='bbox 1077 2355 1246 2424; x_wconf 79' lang='lat' dir='ltr'>difficilius</span> 
     </span>
     <span class='ocr_line' id='line_1_21' title="bbox 94 2457 1246 2548; baseline -0.001 -23"><span class='ocrx_word' id='word_1_180' title='bbox 94 2457 314 2526; x_wconf 88' lang='lat' dir='ltr'>tolerabatur.</span> <span class='ocrx_word' id='word_1_181' title='bbox 352 2460 390 2541; x_wconf 91' lang='grc'>6,</span> <span class='ocrx_word' id='word_1_182' title='bbox 422 2461 464 2524; x_wconf 93' lang='grc'>22</span> <span class='ocrx_word' id='word_1_183' title='bbox 497 2459 582 2527; x_wconf 87' lang='lat' dir='ltr'>laeta</span> <span class='ocrx_word' id='word_1_184' title='bbox 615 2461 704 2548; x_wconf 92' lang='lat' dir='ltr'>apud</span> <span class='ocrx_word' id='word_1_185' title='bbox 731 2463 920 2528; x_wconf 89' lang='lat' dir='ltr'>deteriores.</span> <span class='ocrx_word' id='word_1_186' title='bbox 949 2499 990 2508; x_wconf 95' lang='grc'>-</span> <span class='ocrx_word' id='word_1_187' title='bbox 1020 2460 1063 2527; x_wconf 86' lang='lat' dir='ltr'>So</span> <span class='ocrx_word' id='word_1_188' title='bbox 1091 2459 1183 2524; x_wconf 88' lang='lat' dir='ltr'>kann</span> <span class='ocrx_word' id='word_1_189' title='bbox 1212 2481 1246 2525; x_wconf 88' lang='lat' dir='ltr'>es</span> 
     </span>
     <span class='ocr_line' id='line_1_22' title="bbox 95 2561 1245 2656; baseline -0.001 -30"><span class='ocrx_word' id='word_1_190' title='bbox 95 2562 276 2641; x_wconf 85' lang='lat' dir='ltr'>kommen‚</span> <span class='ocrx_word' id='word_1_191' title='bbox 304 2561 379 2625; x_wconf 88' lang='lat' dir='ltr'>dass</span> <span class='ocrx_word' id='word_1_192' title='bbox 408 2565 496 2645; x_wconf 80' lang='lat' dir='ltr'>opud</span> <span class='ocrx_word' id='word_1_193' title='bbox 522 2563 696 2630; x_wconf 84' lang='lat' dir='ltr'>scheinbar</span> <span class='ocrx_word' id='word_1_194' title='bbox 723 2564 781 2629; x_wconf 86' lang='lat' dir='ltr'>das</span> <span class='ocrx_word' id='word_1_195' title='bbox 804 2562 1007 2656; x_wconf 81' lang='lat' dir='ltr'>Zeitalter</span> <span class='ocrx_word' id='word_1_196' title='bbox 1036 2562 1245 2628; x_wconf 87' lang='lat' dir='ltr'>bezeichnet:</span> 
     </span>
     <span class='ocr_line' id='line_1_23' title="bbox 94 2663 1245 2750; baseline 0 -22"><span class='ocrx_word' id='word_1_197' title='bbox 94 2665 174 2728; x_wconf 88' lang='lat' dir='ltr'>Ter.</span> <span class='ocrx_word' id='word_1_198' title='bbox 200 2663 286 2728; x_wconf 88' lang='lat' dir='ltr'>Eun.</span> <span class='ocrx_word' id='word_1_199' title='bbox 309 2663 341 2745; x_wconf 89' lang='grc'>2,</span> <span class='ocrx_word' id='word_1_200' title='bbox 364 2664 396 2744; x_wconf 92' lang='grc'>2,</span> <span class='ocrx_word' id='word_1_201' title='bbox 421 2664 459 2730; x_wconf 84' lang='grc'><strong>15</strong></span> <span class='ocrx_word' id='word_1_202' title='bbox 481 2687 533 2750; x_wconf 91' lang='lat' dir='ltr'>ap.</span> <span class='ocrx_word' id='word_1_203' title='bbox 557 2664 708 2730; x_wconf 88' lang='lat' dir='ltr'>saeclum.</span> <span class='ocrx_word' id='word_1_204' title='bbox 747 2666 814 2730; x_wconf 78' lang='lat' dir='ltr'>(lic.</span> <span class='ocrx_word' id='word_1_205' title='bbox 838 2667 892 2730; x_wconf 88' lang='lat' dir='ltr'>off.</span> <span class='ocrx_word' id='word_1_206' title='bbox 915 2666 951 2746; x_wconf 91' lang='grc'>2,</span> <span class='ocrx_word' id='word_1_207' title='bbox 980 2666 1022 2730; x_wconf 90' lang='grc'>24</span> <span class='ocrx_word' id='word_1_208' title='bbox 1049 2664 1130 2730; x_wconf 90' lang='lat' dir='ltr'>haec</span> <span class='ocrx_word' id='word_1_209' title='bbox 1157 2663 1245 2750; x_wconf 89' lang='lat' dir='ltr'>apud</span> 
     </span>
     <span class='ocr_line' id='line_1_24' title="bbox 93 2766 1245 2855; baseline -0.003 -23"><span class='ocrx_word' id='word_1_210' title='bbox 93 2769 240 2832; x_wconf 89' lang='lat' dir='ltr'>maiores</span> <span class='ocrx_word' id='word_1_211' title='bbox 274 2773 402 2830; x_wconf 87' lang='lat' dir='ltr'>nostros</span> <span class='ocrx_word' id='word_1_212' title='bbox 436 2766 596 2834; x_wconf 81' lang='lat' dir='ltr'>factitata.</span> <span class='ocrx_word' id='word_1_213' title='bbox 641 2769 677 2849; x_wconf 90' lang='lat'>1,</span> <span class='ocrx_word' id='word_1_214' title='bbox 714 2769 750 2830; x_wconf 93' lang='grc'>11</span> <span class='ocrx_word' id='word_1_215' title='bbox 790 2775 962 2855; x_wconf 87' lang='lat' dir='ltr'>tantopere</span> <span class='ocrx_word' id='word_1_216' title='bbox 1000 2766 1088 2853; x_wconf 90' lang='lat' dir='ltr'>apud</span> <span class='ocrx_word' id='word_1_217' title='bbox 1117 2777 1245 2830; x_wconf 88' lang='lat' dir='ltr'>nostros</span> 
     </span>
     <span class='ocr_line' id='line_1_25' title="bbox 93 2865 1246 2956; baseline -0.002 -24"><span class='ocrx_word' id='word_1_218' title='bbox 93 2869 229 2935; x_wconf 89' lang='lat' dir='ltr'>iustitia</span> <span class='ocrx_word' id='word_1_219' title='bbox 257 2865 343 2932; x_wconf 88' lang='lat' dir='ltr'>culta</span> <span class='ocrx_word' id='word_1_220' title='bbox 372 2877 431 2932; x_wconf 87' lang='lat' dir='ltr'>est.</span> <span class='ocrx_word' id='word_1_221' title='bbox 470 2868 553 2934; x_wconf 91' lang='lat' dir='ltr'>Phil.</span> <span class='ocrx_word' id='word_1_222' title='bbox 581 2870 616 2952; x_wconf 83' lang='grc'>5,</span> <span class='ocrx_word' id='word_1_223' title='bbox 649 2870 685 2933; x_wconf 79' lang='grc'><strong>17</strong></span> <span class='ocrx_word' id='word_1_224' title='bbox 712 2868 801 2954; x_wconf 90' lang='lat' dir='ltr'>apud</span> <span class='ocrx_word' id='word_1_225' title='bbox 828 2869 978 2956; x_wconf 86' lang='lat' dir='ltr'>antiquos</span> <span class='ocrx_word' id='word_1_226' title='bbox 1001 2905 1042 2916; x_wconf 93' lang='lat'><em>-</em></span> <span class='ocrx_word' id='word_1_227' title='bbox 1064 2868 1246 2933; x_wconf 85' lang='lat' dir='ltr'>recentiore</span> 
     </span>
     <span class='ocr_line' id='line_1_26' title="bbox 93 2970 1245 3053; baseline -0.001 -16"><span class='ocrx_word' id='word_1_228' title='bbox 93 2981 211 3036; x_wconf 85' lang='lat' dir='ltr'>autem</span> <span class='ocrx_word' id='word_1_229' title='bbox 244 2970 408 3034; x_wconf 88' lang='lat' dir='ltr'>memoria.</span> <span class='ocrx_word' id='word_1_230' title='bbox 460 2971 597 3036; x_wconf 82' lang='lat' dir='ltr'>Klihner</span> <span class='ocrx_word' id='word_1_231' title='bbox 628 2972 682 3036; x_wconf 89' lang='lat' dir='ltr'>bei</span> <span class='ocrx_word' id='word_1_232' title='bbox 715 2970 864 3036; x_wconf 85' lang='lat' dir='ltr'>Tacitus:</span> <span class='ocrx_word' id='word_1_233' title='bbox 899 2991 974 3034; x_wconf 90' lang='lat' dir='ltr'>ann.</span> <span class='ocrx_word' id='word_1_234' title='bbox 1008 2971 1039 3053; x_wconf 94' lang='grc'>2,</span> <span class='ocrx_word' id='word_1_235' title='bbox 1073 2970 1115 3036; x_wconf 87' lang='grc'>33</span> <span class='ocrx_word' id='word_1_236' title='bbox 1147 2971 1245 3036; x_wconf 89' lang='lat' dir='ltr'>aliam</span> 
     </span>
     <span class='ocr_line' id='line_1_27' title="bbox 92 3071 1017 3160; baseline 0 -24"><span class='ocrx_word' id='word_1_237' title='bbox 92 3074 187 3160; x_wconf 89' lang='lat' dir='ltr'>apud</span> <span class='ocrx_word' id='word_1_238' title='bbox 212 3071 392 3153; x_wconf 85' lang='lat' dir='ltr'>Fabricios,</span> <span class='ocrx_word' id='word_1_239' title='bbox 414 3071 513 3137; x_wconf 90' lang='lat' dir='ltr'>aliam</span> <span class='ocrx_word' id='word_1_240' title='bbox 533 3072 621 3160; x_wconf 91' lang='lat' dir='ltr'>apud</span> <span class='ocrx_word' id='word_1_241' title='bbox 644 3072 813 3159; x_wconf 89' lang='lat' dir='ltr'>Scipiones</span> <span class='ocrx_word' id='word_1_242' title='bbox 836 3074 1017 3159; x_wconf 89' lang='lat' dir='ltr'>pecuniam.</span> 
     </span>
    </p>

    <p class='ocr_par' dir='ltr' id='par_1_3' title="bbox 91 3173 1335 4282">
     <span class='ocr_line' id='line_1_28' title="bbox 183 3173 1245 3258; baseline 0.002 -20"><span class='ocrx_word' id='word_1_243' title='bbox 183 3175 215 3238; x_wconf 91' lang='grc'>2.</span> <span class='ocrx_word' id='word_1_244' title='bbox 240 3173 303 3239; x_wconf 87' lang='lat' dir='ltr'>Mit</span> <span class='ocrx_word' id='word_1_245' title='bbox 325 3173 398 3238; x_wconf 89' lang='lat' dir='ltr'>dem</span> <span class='ocrx_word' id='word_1_246' title='bbox 421 3173 524 3240; x_wconf 83' lang='lat' dir='ltr'>Dativ</span> <span class='ocrx_word' id='word_1_247' title='bbox 547 3173 606 3238; x_wconf 88' lang='lat' dir='ltr'>der</span> <span class='ocrx_word' id='word_1_248' title='bbox 627 3174 748 3240; x_wconf 90' lang='lat' dir='ltr'>Person</span> <span class='ocrx_word' id='word_1_249' title='bbox 778 3176 959 3242; x_wconf 89' lang='lat' dir='ltr'>concurrirt</span> <span class='ocrx_word' id='word_1_250' title='bbox 987 3177 1075 3258; x_wconf 74' lang='lat' dir='ltr'>upsod</span> <span class='ocrx_word' id='word_1_251' title='bbox 1099 3173 1153 3240; x_wconf 88' lang='lat' dir='ltr'>bei</span> <span class='ocrx_word' id='word_1_252' title='bbox 1181 3175 1245 3240; x_wconf 92' lang='lat' dir='ltr'>den</span> 
     </span>
     <span class='ocr_line' id='line_1_29' title="bbox 94 3275 1242 3362; baseline -0.001 -20"><span class='ocrx_word' id='word_1_253' title='bbox 94 3275 221 3342; x_wconf 87' lang='lat' dir='ltr'>Verbis</span> <span class='ocrx_word' id='word_1_254' title='bbox 251 3277 349 3357; x_wconf 61' lang='lat' dir='ltr'>quen,</span> <span class='ocrx_word' id='word_1_255' title='bbox 372 3277 528 3359; x_wconf 65' lang='lat' dir='ltr'>profiteri,</span> <span class='ocrx_word' id='word_1_256' title='bbox 556 3278 679 3360; x_wconf 80' lang='lat' dir='ltr'>iurare,</span> <span class='ocrx_word' id='word_1_257' title='bbox 706 3279 889 3362; x_wconf 66' lang='lat' dir='ltr'>compluere</span> <span class='ocrx_word' id='word_1_258' title='bbox 915 3275 984 3342; x_wconf 90' lang='lat' dir='ltr'>und</span> <span class='ocrx_word' id='word_1_259' title='bbox 1011 3277 1164 3361; x_wconf 74' lang='lat' dir='ltr'>oblipore:</span> <span class='ocrx_word' id='word_1_260' title='bbox 1192 3276 1242 3342; x_wconf 92' lang='lat' dir='ltr'>Pl.</span> 
     </span>
     <span class='ocr_line' id='line_1_30' title="bbox 92 3375 1241 3467; baseline -0.002 -23"><span class='ocrx_word' id='word_1_261' title='bbox 92 3375 220 3444; x_wconf 88' lang='lat' dir='ltr'>Pseud.</span> <span class='ocrx_word' id='word_1_262' title='bbox 244 3377 308 3442; x_wconf 84' lang='lat'>314</span> <span class='ocrx_word' id='word_1_263' title='bbox 329 3387 410 3463; x_wconf 88' lang='lat' dir='ltr'>aput</span> <span class='ocrx_word' id='word_1_264' title='bbox 431 3399 603 3443; x_wconf 84' lang='lat' dir='ltr'>novercam</span> <span class='ocrx_word' id='word_1_265' title='bbox 625 3400 771 3465; x_wconf 91' lang='lat' dir='ltr'>querere.</span> <span class='ocrx_word' id='word_1_266' title='bbox 803 3378 872 3444; x_wconf 82' lang='lat' dir='ltr'>Cic.</span> <span class='ocrx_word' id='word_1_267' title='bbox 895 3381 964 3443; x_wconf 83' lang='lat' dir='ltr'>Au.</span> <span class='ocrx_word' id='word_1_268' title='bbox 987 3379 1018 3456; x_wconf 88' lang='grc'>6,</span> <span class='ocrx_word' id='word_1_269' title='bbox 1040 3379 1080 3442; x_wconf 90' lang='grc'>21</span> <span class='ocrx_word' id='word_1_270' title='bbox 1104 3400 1156 3467; x_wconf 92' lang='lat' dir='ltr'>ap.</span> <span class='ocrx_word' id='word_1_271' title='bbox 1180 3400 1241 3444; x_wconf 90' lang='lat' dir='ltr'>me.</span> 
     </span>
     <span class='ocr_line' id='line_1_31' title="bbox 94 3478 1242 3566; baseline 0.002 -22"><span class='ocrx_word' id='word_1_272' title='bbox 94 3479 183 3546; x_wconf 91' lang='lat' dir='ltr'>Vell.</span> <span class='ocrx_word' id='word_1_273' title='bbox 207 3478 238 3559; x_wconf 92' lang='grc'>2,</span> <span class='ocrx_word' id='word_1_274' title='bbox 264 3479 333 3560; x_wconf 84' lang='grc'><strong>130,</strong></span> <span class='ocrx_word' id='word_1_275' title='bbox 356 3479 376 3544; x_wconf 90' lang='grc'><strong>3</strong></span> <span class='ocrx_word' id='word_1_276' title='bbox 398 3499 451 3566; x_wconf 87' lang='lat' dir='ltr'>ap.</span> <span class='ocrx_word' id='word_1_277' title='bbox 481 3500 575 3544; x_wconf 88' lang='lat' dir='ltr'>aures</span> <span class='ocrx_word' id='word_1_278' title='bbox 598 3478 741 3546; x_wconf 89' lang='lat' dir='ltr'>deorum.</span> <span class='ocrx_word' id='word_1_279' title='bbox 778 3481 859 3548; x_wconf 88' lang='lat' dir='ltr'>Aur.</span> <span class='ocrx_word' id='word_1_280' title='bbox 884 3480 969 3546; x_wconf 89' lang='lat' dir='ltr'>Vict.</span> <span class='ocrx_word' id='word_1_281' title='bbox 994 3481 1056 3545; x_wconf 89' lang='lat' dir='ltr'>vir.</span> <span class='ocrx_word' id='word_1_282' title='bbox 1078 3479 1124 3546; x_wconf 94' lang='lat' dir='ltr'>ill.</span> <span class='ocrx_word' id='word_1_283' title='bbox 1151 3481 1200 3566; x_wconf 78' lang='lat'>15,</span> <span class='ocrx_word' id='word_1_284' title='bbox 1222 3482 1242 3546; x_wconf 86' lang='lat'>3</span> 
     </span>
     <span class='ocr_line' id='line_1_32' title="bbox 91 3579 1242 3670; baseline -0.001 -23"><span class='ocrx_word' id='word_1_285' title='bbox 91 3605 149 3670; x_wconf 89' lang='lat' dir='ltr'>ap.</span> <span class='ocrx_word' id='word_1_286' title='bbox 174 3579 342 3670; x_wconf 90' lang='lat' dir='ltr'>populum.</span> <span class='ocrx_word' id='word_1_287' title='bbox 378 3579 457 3650; x_wconf 78' lang='lat' dir='ltr'>uie.</span> <span class='ocrx_word' id='word_1_288' title='bbox 486 3581 548 3666; x_wconf 81' lang='lat' dir='ltr'>leg.</span> <span class='ocrx_word' id='word_1_289' title='bbox 578 3603 648 3667; x_wconf 83' lang='lat' dir='ltr'>agr.</span> <span class='ocrx_word' id='word_1_290' title='bbox 675 3582 707 3664; x_wconf 92' lang='grc'>2,</span> <span class='ocrx_word' id='word_1_291' title='bbox 735 3583 777 3647; x_wconf 91' lang='grc'>22</span> <span class='ocrx_word' id='word_1_292' title='bbox 802 3603 855 3667; x_wconf 87' lang='lat' dir='ltr'>ap.</span> <span class='ocrx_word' id='word_1_293' title='bbox 884 3581 1017 3650; x_wconf 86' lang='lat' dir='ltr'>eosdem</span> <span class='ocrx_word' id='word_1_294' title='bbox 1043 3583 1242 3648; x_wconf 88' lang='lat' dir='ltr'>decemviros</span> 
     </span>
     <span class='ocr_line' id='line_1_33' title="bbox 94 3682 1241 3772; baseline 0.001 -26"><span class='ocrx_word' id='word_1_295' title='bbox 94 3723 135 3734; x_wconf 89' lang='lat'><em>-</em></span> <span class='ocrx_word' id='word_1_296' title='bbox 163 3682 365 3772; x_wconf 85' lang='lat' dir='ltr'>profiteatur.</span> <span class='ocrx_word' id='word_1_297' title='bbox 408 3683 509 3748; x_wconf 86' lang='lat' dir='ltr'>Areh.</span> <span class='ocrx_word' id='word_1_298' title='bbox 536 3685 557 3748; x_wconf 89' lang='grc'><strong>4</strong></span> <span class='ocrx_word' id='word_1_299' title='bbox 583 3685 610 3748; x_wconf 90' lang='lat' dir='ltr'>si</span> <span class='ocrx_word' id='word_1_300' title='bbox 638 3686 811 3770; x_wconf 84' lang='lat' dir='ltr'>sexaginta</span> <span class='ocrx_word' id='word_1_301' title='bbox 839 3683 957 3750; x_wconf 91' lang='lat' dir='ltr'>diebus</span> <span class='ocrx_word' id='word_1_302' title='bbox 985 3706 1037 3772; x_wconf 89' lang='lat' dir='ltr'>ap.</span> <span class='ocrx_word' id='word_1_303' title='bbox 1059 3692 1241 3770; x_wconf 88' lang='lat' dir='ltr'>praetorem</span> 
     </span>
     <span class='ocr_line' id='line_1_34' title="bbox 93 3784 1241 3874; baseline 0.002 -24"><span class='ocrx_word' id='word_1_304' title='bbox 93 3794 211 3852; x_wconf 83' lang='lat' dir='ltr'>esseut</span> <span class='ocrx_word' id='word_1_305' title='bbox 233 3784 384 3872; x_wconf 81' lang='lat' dir='ltr'>professi.</span> <span class='ocrx_word' id='word_1_306' title='bbox 414 3784 504 3850; x_wconf 82' lang='lat' dir='ltr'>Curt.</span> <span class='ocrx_word' id='word_1_307' title='bbox 529 3787 558 3865; x_wconf 79' lang='lat'>7,</span> <span class='ocrx_word' id='word_1_308' title='bbox 582 3786 617 3868; x_wconf 88' lang='grc'>7,</span> <span class='ocrx_word' id='word_1_309' title='bbox 640 3787 682 3852; x_wconf 91' lang='grc'>24</span> <span class='ocrx_word' id='word_1_310' title='bbox 704 3807 761 3852; x_wconf 91' lang='lat' dir='ltr'>cur</span> <span class='ocrx_word' id='word_1_311' title='bbox 782 3808 835 3872; x_wconf 87' lang='lat' dir='ltr'>ap.</span> <span class='ocrx_word' id='word_1_312' title='bbox 859 3786 959 3852; x_wconf 88' lang='lat' dir='ltr'>alium</span> <span class='ocrx_word' id='word_1_313' title='bbox 982 3809 1080 3874; x_wconf 88' lang='lat' dir='ltr'>quam</span> <span class='ocrx_word' id='word_1_314' title='bbox 1108 3808 1160 3873; x_wconf 89' lang='lat' dir='ltr'>ap.</span> <span class='ocrx_word' id='word_1_315' title='bbox 1189 3807 1241 3852; x_wconf 89' lang='lat' dir='ltr'>me</span> 
     </span>
     <span class='ocr_line' id='line_1_35' title="bbox 92 3885 1241 3976; baseline -0.002 -22"><span class='ocrx_word' id='word_1_316' title='bbox 92 3888 268 3976; x_wconf 80' lang='lat' dir='ltr'>professus</span> <span class='ocrx_word' id='word_1_317' title='bbox 290 3908 337 3952; x_wconf 91' lang='lat' dir='ltr'>es.</span> <span class='ocrx_word' id='word_1_318' title='bbox 380 3885 447 3952; x_wconf 76' lang='lat' dir='ltr'>Fur</span> <span class='ocrx_word' id='word_1_319' title='bbox 468 3889 579 3954; x_wconf 81' lang='lat' dir='ltr'>iurare</span> <span class='ocrx_word' id='word_1_320' title='bbox 606 3888 690 3953; x_wconf 88' lang='lat' dir='ltr'>wird</span> <span class='ocrx_word' id='word_1_321' title='bbox 717 3911 780 3952; x_wconf 89' lang='lat' dir='ltr'>nur</span> <span class='ocrx_word' id='word_1_322' title='bbox 802 3889 906 3953; x_wconf 90' lang='lat' dir='ltr'>citirt:</span> <span class='ocrx_word' id='word_1_323' title='bbox 934 3889 1008 3952; x_wconf 87' lang='lat' dir='ltr'>Liv.</span> <span class='ocrx_word' id='word_1_324' title='bbox 1037 3888 1090 3970; x_wconf 87' lang='grc'>28,</span> <span class='ocrx_word' id='word_1_325' title='bbox 1118 3887 1171 3972; x_wconf 88' lang='grc'>29,</span> <span class='ocrx_word' id='word_1_326' title='bbox 1203 3889 1241 3952; x_wconf 89' lang='grc'>12</span> 
     </span>
     <span class='ocr_line' id='line_1_36' title="bbox 93 3987 1335 4078; baseline -0.003 -22"><span class='ocrx_word' id='word_1_327' title='bbox 93 4014 150 4077; x_wconf 92' lang='lat' dir='ltr'>ap.</span> <span class='ocrx_word' id='word_1_328' title='bbox 175 3988 325 4054; x_wconf 89' lang='lat' dir='ltr'>tribunos</span> <span class='ocrx_word' id='word_1_329' title='bbox 348 3987 498 4058; x_wconf 91' lang='lat' dir='ltr'>militum.</span> <span class='ocrx_word' id='word_1_330' title='bbox 529 3989 606 4054; x_wconf 86' lang='lat' dir='ltr'>Tae.</span> <span class='ocrx_word' id='word_1_331' title='bbox 629 3989 661 4056; x_wconf 91' lang='lat' dir='ltr'>h.</span> <span class='ocrx_word' id='word_1_332' title='bbox 684 3990 713 4070; x_wconf 95' lang='grc'>2,</span> <span class='ocrx_word' id='word_1_333' title='bbox 738 3990 779 4055; x_wconf 81' lang='grc'>79</span> <span class='ocrx_word' id='word_1_334' title='bbox 800 4013 852 4078; x_wconf 91' lang='lat' dir='ltr'>ap.</span> <span class='ocrx_word' id='word_1_335' title='bbox 876 3993 999 4076; x_wconf 83' lang='lat' dir='ltr'>ipsum3</span> <span class='ocrx_word' id='word_1_336' title='bbox 1022 3989 1106 4055; x_wconf 90' lang='lat' dir='ltr'>eben</span> <span class='ocrx_word' id='word_1_337' title='bbox 1128 4013 1165 4056; x_wconf 88' lang='lat' dir='ltr'>eo</span> <span class='ocrx_word' id='word_1_338' title='bbox 1188 3987 1203 4052; x_wconf 86' lang='lat' dir='ltr'><strong>f</strong></span> <span class='ocrx_word' id='word_1_339' title='bbox 1213 3997 1219 4008; x_wconf 90' lang='lat'>&#39;</span> <span class='ocrx_word' id='word_1_340' title='bbox 1332 4065 1335 4072; x_wconf 70' lang='lat'>,</span> 
     </span>
     <span class='ocr_line' id='line_1_37' title="bbox 92 4091 1240 4179; baseline -0.003 -19"><span class='ocrx_word' id='word_1_341' title='bbox 92 4093 281 4176; x_wconf 66' lang='lat' dir='ltr'>sacrificare</span> <span class='ocrx_word' id='word_1_342' title='bbox 302 4111 380 4154; x_wconf 88' lang='lat' dir='ltr'>nur:</span> <span class='ocrx_word' id='word_1_343' title='bbox 409 4111 483 4156; x_wconf 91' lang='lat' dir='ltr'>ann.</span> <span class='ocrx_word' id='word_1_344' title='bbox 510 4094 558 4172; x_wconf 93' lang='grc'><strong>11,</strong></span> <span class='ocrx_word' id='word_1_345' title='bbox 581 4092 621 4157; x_wconf 82' lang='grc'>21</span> <span class='ocrx_word' id='word_1_346' title='bbox 645 4113 698 4179; x_wconf 91' lang='lat' dir='ltr'>ap.</span> <span class='ocrx_word' id='word_1_347' title='bbox 721 4091 816 4176; x_wconf 80' lang='lat' dir='ltr'>deos3</span> <span class='ocrx_word' id='word_1_348' title='bbox 845 4093 899 4158; x_wconf 80' lang='lat' dir='ltr'>fiir</span> <span class='ocrx_word' id='word_1_349' title='bbox 927 4093 1064 4176; x_wconf 75' lang='lat' dir='ltr'>oblipore</span> <span class='ocrx_word' id='word_1_350' title='bbox 1091 4113 1154 4156; x_wconf 92' lang='lat' dir='ltr'>nur</span> <span class='ocrx_word' id='word_1_351' title='bbox 1181 4113 1240 4156; x_wconf 87' lang='lat' dir='ltr'>aus</span> 
     </span>
     <span class='ocr_line' id='line_1_38' title="bbox 94 4191 1144 4282; baseline 0 -22"><span class='ocrx_word' id='word_1_352' title='bbox 94 4195 161 4262; x_wconf 87' lang='lat' dir='ltr'>den</span> <span class='ocrx_word' id='word_1_353' title='bbox 184 4193 362 4278; x_wconf 83' lang='lat' dir='ltr'>Digesten:</span> <span class='ocrx_word' id='word_1_354' title='bbox 386 4194 414 4260; x_wconf 86' lang='lat' dir='ltr'>ei</span> <span class='ocrx_word' id='word_1_355' title='bbox 436 4191 535 4258; x_wconf 88' lang='lat' dir='ltr'>fidem</span> <span class='ocrx_word' id='word_1_356' title='bbox 558 4216 649 4260; x_wconf 90' lang='lat' dir='ltr'>suam</span> <span class='ocrx_word' id='word_1_357' title='bbox 672 4233 711 4242; x_wconf 94' lang='lat'>-</span> <span class='ocrx_word' id='word_1_358' title='bbox 735 4217 787 4282; x_wconf 88' lang='lat' dir='ltr'>ap.</span> <span class='ocrx_word' id='word_1_359' title='bbox 810 4196 918 4260; x_wconf 86' lang='lat' dir='ltr'>virum</span> <span class='ocrx_word' id='word_1_360' title='bbox 941 4193 1144 4280; x_wconf 83' lang='lat' dir='ltr'>obligaverit.</span> 
     </span>
    </p>

    <p class='ocr_par' dir='ltr' id='par_1_4' title="bbox 94 4293 1239 4592">
     <span class='ocr_line' id='line_1_39' title="bbox 182 4293 1239 4380; baseline 0.001 -20"><span class='ocrx_word' id='word_1_361' title='bbox 182 4295 214 4360; x_wconf 88' lang='lat'>3.</span> <span class='ocrx_word' id='word_1_362' title='bbox 236 4293 336 4377; x_wconf 78' lang='lat' dir='ltr'>Apud</span> <span class='ocrx_word' id='word_1_363' title='bbox 356 4298 500 4362; x_wconf 73' lang='lat' dir='ltr'>maiomm</span> <span class='ocrx_word' id='word_1_364' title='bbox 522 4296 610 4363; x_wconf 85' lang='lat' dir='ltr'>steht</span> <span class='ocrx_word' id='word_1_365' title='bbox 638 4297 797 4363; x_wconf 82' lang='lat' dir='ltr'>auweilcn</span> <span class='ocrx_word' id='word_1_366' title='bbox 825 4306 906 4364; x_wconf 84' lang='lat' dir='ltr'>statt</span> <span class='ocrx_word' id='word_1_367' title='bbox 935 4299 1023 4380; x_wconf 74' lang='lat' dir='ltr'>oprsd</span> <span class='ocrx_word' id='word_1_368' title='bbox 1043 4319 1100 4377; x_wconf 73' lang='lat' dir='ltr'>aaa,</span> <span class='ocrx_word' id='word_1_369' title='bbox 1123 4303 1151 4364; x_wconf 77' lang='lat' dir='ltr'>a</span> <span class='ocrx_word' id='word_1_370' title='bbox 1172 4296 1239 4362; x_wconf 89' lang='lat' dir='ltr'>und</span> 
     </span>
     <span class='ocr_line' id='line_1_40' title="bbox 94 4396 1238 4488; baseline -0.002 -22"><span class='ocrx_word' id='word_1_371' title='bbox 94 4397 243 4466; x_wconf 87' lang='lat' dir='ltr'>anderen</span> <span class='ocrx_word' id='word_1_372' title='bbox 257 4396 635 4484; x_wconf 86' lang='lat' dir='ltr'>Personalpronominen,</span> <span class='ocrx_word' id='word_1_373' title='bbox 655 4399 777 4488; x_wconf 91' lang='lat' dir='ltr'>jedoch</span> <span class='ocrx_word' id='word_1_374' title='bbox 792 4408 859 4466; x_wconf 91' lang='lat' dir='ltr'>erst</span> <span class='ocrx_word' id='word_1_375' title='bbox 873 4400 936 4465; x_wconf 89' lang='lat' dir='ltr'>seit</span> <span class='ocrx_word' id='word_1_376' title='bbox 956 4401 1014 4466; x_wconf 87' lang='lat' dir='ltr'>der</span> <span class='ocrx_word' id='word_1_377' title='bbox 1034 4398 1238 4464; x_wconf 87' lang='lat' dir='ltr'>klassisohen</span> 
     </span>
     <span class='ocr_line' id='line_1_41' title="bbox 94 4496 1239 4592; baseline -0.002 -24"><span class='ocrx_word' id='word_1_378' title='bbox 94 4501 189 4568; x_wconf 85' lang='lat' dir='ltr'>Zeit:</span> <span class='ocrx_word' id='word_1_379' title='bbox 214 4496 380 4586; x_wconf 83' lang='lat' dir='ltr'>Sulpicius</span> <span class='ocrx_word' id='word_1_380' title='bbox 406 4523 459 4589; x_wconf 89' lang='lat' dir='ltr'>ap.</span> <span class='ocrx_word' id='word_1_381' title='bbox 489 4501 558 4569; x_wconf 82' lang='lat' dir='ltr'>Cic.</span> <span class='ocrx_word' id='word_1_382' title='bbox 586 4523 636 4590; x_wconf 88' lang='lat' dir='ltr'>ep.</span> <span class='ocrx_word' id='word_1_383' title='bbox 664 4503 695 4586; x_wconf 88' lang='grc'>4,</span> <span class='ocrx_word' id='word_1_384' title='bbox 724 4503 745 4570; x_wconf 84' lang='grc'><strong>5</strong></span> <span class='ocrx_word' id='word_1_385' title='bbox 773 4523 812 4568; x_wconf 89' lang='lat' dir='ltr'>ea</span> <span class='ocrx_word' id='word_1_386' title='bbox 839 4501 964 4568; x_wconf 77' lang='lat' dir='ltr'>tibi-</span> <span class='ocrx_word' id='word_1_387' title='bbox 986 4501 1074 4592; x_wconf 87' lang='lat' dir='ltr'>apud</span> <span class='ocrx_word' id='word_1_388' title='bbox 1096 4502 1239 4570; x_wconf 87' lang='lat' dir='ltr'>animum</span> 
     </span>
    </p>
   </div>
   <div class='ocr_carea' id='block_1_3' title="bbox 0 0 1540 5146">
    <p class='ocr_par' dir='ltr' id='par_1_5' title="bbox 0 0 1540 5146">
     <span class='ocr_line' id='line_1_42' title="bbox 0 0 1540 5146; baseline 0 3"><span class='ocrx_word' id='word_1_389' title='bbox 0 0 1540 5146; x_wconf 95' lang='lat' dir='ltr'> </span> 
     </span>
    </p>
   </div>
  </div>
 </body>
</html>
