3056 5144
582 384 814 450 ..503-

120 535 319 623 expulerunt
335 545 368 602 61
390 535 532 623 reliquos
549 535 744 624 Tarquinios
760 535 937 602 offensione
951 538 1104 602 nominis.
1136 561 1166 623 p.
1183 538 1270 602 Mur.

118 639 160 702 37
192 649 229 702 tu
255 638 477 725 imprudentia
505 638 634 704 laberis.
671 637 713 704 de
736 659 782 702 or.
805 639 840 719 3,
863 639 905 702 28
932 661 1019 703 nunc
1048 640 1133 704 enim
1161 640 1272 728 inopia

118 741 261 805 reticere
282 738 521 826 intelliguntur.
554 744 580 821 1,
596 739 638 802 22
657 761 721 806 666
738 739 892 826 superbia
906 761 1012 827 neque
1033 741 1271 806 inhumanitate

117 841 294 906 faciebam.
320 842 388 905 inv.
404 841 435 923 2,
451 843 493 906 35
514 864 578 906 666
599 841 673 908 odio
696 863 800 928 neque
815 841 1007 908 crudelitate
1029 844 1159 924 fecisse,
1183 844 1271 929 quod

117 943 248 1024 fecerit,
273 942 331 1007 sed
354 953 410 1007 aut
432 942 574 1008 stultitia
595 952 651 1008 ott.
683 943 774 1008 Brut.
790 944 832 1007 24
850 943 997 1008 videmus
1020 945 1101 1010 alios
1124 954 1269 1012 oratores

115 1044 240 1107 inertia
267 1042 349 1108 nihil
382 1045 562 1130 scripsisse.
600 1045 640 1108 78
669 1065 785 1110 vereor
812 1066 854 1108 ne
880 1067 991 1110 amore
1018 1045 1132 1110 videar
1164 1045 1269 1134 plura,

117 1166 220 1232 quam
243 1145 367 1210 fuerint
388 1146 423 1210 in
444 1145 516 1226 illo,
540 1144 660 1235 dicere.
695 1145 737 1210 89
766 1147 846 1210 iuris
870 1145 978 1212 civilis
1000 1145 1110 1212 studio
1133 1146 1270 1212 multum

116 1269 238 1333 operae
274 1246 391 1312 dabam
421 1245 464 1328 Q.
488 1246 675 1313 Scaevolae.
713 1248 768 1312 off.
799 1250 832 1326 1,
859 1247 902 1310 24
930 1269 1096 1334 nunquam
1123 1249 1269 1336 profecto

115 1347 260 1434 periculi
287 1347 367 1433 fuga
396 1354 468 1432 (aus
492 1347 599 1413 Scheu
622 1349 695 1432 vor)
718 1349 985 1414 committendum
1014 1361 1064 1414 est
1090 1361 1126 1414 ut
1147 1360 1204 1415 ott.
1228 1349 1269 1414 de

115 1471 164 1515 or.
189 1450 223 1532 3,
237 1451 282 1514 52
297 1449 411 1533 616116,
435 1471 518 1537 quae
535 1487 573 1497 —
590 1449 732 1536 quadam
747 1450 972 1516 mediocritate
990 1449 1151 1516 laudatur.
1182 1451 1267 1538 legg.

118 1555 144 1628 1,
174 1553 212 1616 11
243 1551 396 1617 dolorm
420 1551 573 1616 maximis
596 1550 690 1616 malis
714 1551 909 1634 ducitur,
896 1562 965 1616 tum
993 1573 1051 1618 sua
1080 1555 1268 1640 asperitate,

114 1663 187 1717 tum
212 1652 300 1752 quod
322 1663 443 1718 ett—
468 1653 580 1719 Caes.
605 1655 635 1719 b.
661 1654 745 1732 63,
771 1653 908 1718 9961161
931 1655 1019 1718 vires
1042 1677 1116 1719 eum
1139 1654 1267 1722 lassitu-

114 1755 196 1818 dine
219 1745 416 1820 defecissent
438 1757 512 1838 (aus
535 1756 733 1840 Ermattung
755 1753 864 1820 verlor
886 1776 920 1819 61
942 1753 996 1818 die
1017 1737 1143 1841 Kraft.)
1173 1756 1203 1838 2,
1226 1757 1268 1822 39

113 1857 248 1942 reliqua
275 1855 384 1922 studio
411 1858 538 1922 itineris
565 1855 762 1922 conficiendi
784 1876 939 1942 quaerere
960 1857 1205 1942 praetermittit.
1235 1859 1267 1940 3,

114 1958 157 2022 79
179 1955 321 2044 pristina
343 1980 403 2023 sua
424 1957 658 2024 consuetudine
686 1959 734 2040 (in
756 1958 858 2042 Fulge
885 1958 973 2022 ihrer
995 1958 1083 2022 alten
1105 1957 1266 2024 (16116116-

113 2059 212 2142 heit).
244 2060 284 2122 51
309 2082 366 2146 spe
389 2058 582 2124 conficiendi
603 2059 729 2144 negotii
751 2081 853 2146 prope
875 2059 910 2123 in
930 2068 1059 2124 noctem
1081 2058 1267 2123 1616116116-

113 2169 201 2225 rant.
234 2160 266 2225 b.
290 2182 322 2246 g.
349 2165 377 2244 1,
401 2161 443 2225 44
464 2161 564 2247 idque
587 2182 621 2226 se
644 2183 682 2225 66
705 2182 763 2247 spe
785 2159 916 2246 petisse.
943 2160 984 2224 28
1007 2159 1042 2222 id
1065 2181 1104 2224 66
1125 2161 1268 2224 1661111116

113 2262 246 2327 ratione
268 2263 365 2344 fecit,
388 2263 476 2350 quod
499 2273 555 2328 ctt.
600 2262 699 2329 Bell.
722 2261 835 2326 Alex.
857 2262 899 2328 58
922 2261 1062 2328 forsitan
1084 2261 1184 2327 etiam
1205 2260 1268 2327 hoc

113 2364 233 2430 fecerit
256 2363 331 2429 odio
347 2363 498 2430 Caesaris
521 2374 553 2428 et
576 2386 685 2429 amore
707 2364 863 2451 Pompeii.
895 2362 1131 2432 861106151
1158 2363 1268 2428 studio

112 2467 196 2553 reip.
221 2466 359 2530 dixisse.
391 2465 468 2550 Jug.
491 2467 533 2530 40
554 2466 639 2531 odio.
674 2467 837 2532 70616111.
881 2465 920 2532 In
943 2465 1007 2530 den
1031 2465 1266 2550 Fragmenten:

112 2568 295 2633 formidine
317 2567 446 2633 Italiam
470 2568 624 2632 desernit.
670 2567 761 2631 Beim
785 2566 918 2633 Passiv:
947 2567 1018 2633 061.
1042 2567 1062 2630 6
1084 2577 1191 2632 661616
1214 2567 1267 2632 vel

113 2691 213 2734 curae
238 2668 453 2734 similitudine
476 2679 586 2756 patres
609 2668 870 2758 appellabantur.
888 2706 925 2716 —
944 2671 1015 2733 Aue
1032 2669 1189 2748 Livius,
1213 2669 1268 2733 bei

113 2771 273 2837 walchem
302 2772 360 2835 der
388 2769 564 2836 Gebrauch
598 2772 669 2838 sich
701 2769 785 2835 noch
818 2770 931 2835 weiter
963 2769 1140 2849 ausdehnt,
1177 2769 1268 2834 fuhrt

112 2873 273 2939 Ktihnast
288 2872 321 2938 S.
340 2873 401 2938 164
414 2894 471 2937 an:
496 2872 617 2938 fiducia
636 2872 745 2938 studio
761 2873 896 2938 caritate
910 2871 1070 2936 aviditate
1086 2871 1267 2958 cupiditate

112 2974 273 3062 cupidine
295 2974 344 3038 ira
365 2974 440 3039 odio
456 2975 682 3058 indignatione
704 2974 815 3039 labore
832 2996 890 3059 spe
904 2982 994 3038 metu
1011 2984 1134 3039 terrore
1150 2973 1266 3040 taedio.

112 3077 213 3140 Dazu
237 3075 391 3140 kommen
413 3074 466 3139 die
489 3097 555 3140 von
576 3075 643 3140 ihm
670 3075 927 3162 hinzugefiigten
950 3073 1073 3142 Stellen
1094 3077 1154 3140 mit
1176 3099 1266 3162 pas·

113 3176 777 3261 61116616676111661,616682,
802 3179 839 3240 11
870 3179 932 3244 hoe
960 3187 1086 3242 tantum
1114 3177 1266 3243 licentiae

112 3279 267 3345 Etruscis
295 3300 361 3342 non
390 3289 477 3344 metu
506 3277 610 3364 magis
640 3301 737 3366 quam
765 3278 901 3343 consilio
929 3301 1128 3344 concessum.
1165 3279 1200 3356 2,
1223 3281 1266 3345 55

112 3379 237 3467 quibus
264 3378 313 3443 ira
340 3389 469 3466 patrum
497 3379 654 3444 adversus
682 3381 899 3446 temeritatem
926 3379 1031 3466 plebis
1054 3383 1173 3446 certari
1200 3403 1264 3446 non

113 3481 250 3564 placuit.
293 3480 486 3564 Anderes,
491 3503 558 3548 was
588 3503 623 3546 er
650 3481 799 3562 anfiihrt,
827 3481 943 3567 gehbrt
968 3482 1048 3546 aber
1073 3505 1147 3546 zum
1170 3481 1266 3547 Γ111611

112 3583 207 3649 nicht
232 3582 379 3667 hierher,
407 3583 591 3665 1116211
619 3581 789 3648 alacritate
817 3583 953 3669 perfecti
981 3584 1088 3715 operis
1116 3581 1264 3648 sublatus

112 3683 244 3770 (Ablat.
267 3683 444 3769 instrum..)

200 3786 386 3874 Spatere:
427 3787 501 3852 Val.
531 3787 617 3852 111611.
646 3787 689 3870 5,
717 3787 737 3850 6
771 3796 837 3851 6111.
814 3788 878 3851 11
913 3784 1098 3851 diffidentia
1131 3786 1265 3853 humani

113 3889 245 3955 auxilii.
277 3889 373 3969 8,15,
392 3889 431 3952 12
453 3887 579 3952 cunctis
604 3835 755 3954 castitate
777 3886 926 3974 praelata
948 3898 1006 3954 661.
1025 3887 1264 3954 -Β666611616

114 3991 241 4056 beliebt
264 3990 317 4055 bei
332 3989 518 4066 Tacitus,
542 4011 601 4054 aus
618 3988 773 4056 walchem
789 3989 876 4056 Roth
892 4012 966 4055 zum
982 3990 1139 4074 Agricola
1154 3991 1185 4056 S.
1204 3993 1263 4056 171

113 4091 303 4179 folgendes
319 4089 467 4157 anfiihrt:
491 4101 591 4174 metu,
614 4091 749 4178 pudore,
766 4092 851 4170 odio,
873 4113 941 4179 spe,
965 4092 1121 4156 iactantia
1142 4090 1262 4176 gloria-

113 4217 187 4281 que,
212 4192 350 4274 incuria,
374 4193 524 4276 tristitia,
546 4194 689 4276 invidia,
712 4193 841 4273 favore,
864 4192 1038 4258 altitudine
1060 4195 1176 4275 animi,
1200 4192 1264 4260 616-

113 4296 250 4378 6166116,
274 4293 512 4377 benevolentia,
536 4305 723 4381 contemptu
746 4295 944 4376 ambitionis,
967 4293 1134 4390 violentia,
1163 4296 1264 4382 impa-

113 4399 231 4464 tientia
253 4395 384 4478 amoris,
407 4396 570 4483 spoliandi
593 4397 763 4483 cupidine,
785 4397 950 4462 furoreet
937 4381 1080 4478 trebie,
1104 4397 1262 4462 detrecta-

113 4503 202 4566 tione
218 4506 276 4564 aut
290 4496 465 4564 formidine
484 4498 710 4585 periculorum,
733 4498 879 4586 perfidia,
895 4498 1029 4564 virtue.
1043 4498 1151 4563 -Im
1167 4497 1261 4588 Spat-
