3050 5146
741 391 770 399 --
823 355 882 416 ror
927 391 964 399 -·

281 508 311 586 4,
335 507 387 588 27,
411 507 452 570 14
474 506 553 569 baec
576 503 749 588 παράδοξα
773 504 820 568 1111
844 505 1002 591 (dicunt),
1027 529 1085 572 nos
1107 504 1316 572 admirabilia
1336 506 1414 572 dica-

283 629 364 672 mus.
387 607 480 672 acad.
507 609 535 689 l,
557 608 600 672 40
622 628 718 692 quam
740 605 795 688 illc
818 611 1010 690 φαντασίαν
1033 607 1213 695 (appellat),
1236 627 1295 674 nos
1320 609 1414 672 risum

281 707 483 795 appellemus
505 707 593 772 licet.

366 809 400 876 b.
423 810 492 874 Das
510 808 726 876 Factiselre
750 810 831 874 wird
850 811 999 891 suadem
1021 810 1082 876 als
1104 810 1415 896 unnrbglichGe·

282 911 457 976 dacbten
480 921 631 996 ergtlnzt:
656 909 724 976 Oic'.
748 933 779 997 p.
795 911 907 980 Plane.
930 913 981 994 22,
1004 913 1045 978 53
1068 935 1110 977 an
1133 935 1198 978 una
1220 913 1290 978 fieri
1313 921 1416 999 potue·

283 997 374 1090 rant,
409 1015 436 1076 si
471 1036 537 1078 una
565 1011 670 1078 tribus
700 1034 764 1078 non
793 1011 967 1078 tulissent?
1007 1019 1063 1079 *At
1091 1013 1263 1079 nonnullas
1296 1014 1416 1102 punctis

283 1135 385 1200 paene
413 1113 550 1180 totidem
578 1115 764 1200 (tulerunt).
793 1114 846 1180 off.
876 1115 908 1198 2,
934 1116 1010 1196 ·1‚3
1039 1115 1158 1180 deinde
1186 1116 1267 1202 ipsis
1296 1115 1418 1200 scriptis

283 1238 350 1281 non
371 1237 410 1281 ea
431 1239 514 1303 quae
537 1237 622 1282 nunc
645 1215 877 1301 (mandamus),
901 1216 959 1282 sed
975 1217 1120 1282 actiones
1140 1227 1271 1282 nostras
1294 1215 1417 1280 manda·

283 1339 403 1382 remus.
425 1318 455 1398 3,
478 1319 509 1400 3,
536 1319 575 1400 12
597 1317 715 1404 quodsi
741 1319 770 1384 is
796 1328 884 1384 esset
898 1319 1084 1398 Panaetius,
1108 1319 1165 1405 qai
1182 1318 1339 1384 virtutem
1354 1339 1418 1404 pro·

282 1429 395 1504 pterea
417 1417 585 1484 colendam
607 1418 741 1504 diceret,
764 1419 853 1506 quod
875 1442 914 1485 ea
935 1420 1082 1486 efficiens
1106 1419 1257 1488 utilitatis
1272 1427 1368 1502 esset,
1388 1427 1421 1481 at

282 1521 305 1584 ii
328 1519 468 1604 (dicunt)
497 1520 553 1607 qui
580 1529 635 1586 ctu
663 1522 696 1607 p,
718 1521 882 1605 Deiot.,4,
908 1521 947 1586 12
974 1522 1007 1585 111
1035 1543 1131 1608 quem
1158 1542 1232 1586 curn
1260 1523 1307 1586 dii
1331 1531 1420 1606 atque

282 1621 430 1687 homines
454 1623 565 1688 omnia
586 1632 776 1688 curamenta
791 1625 1042 1708 congessissent,
1066 1632 1133 1688 tum
1149 1631 1185 1688 tu
1201 1623 1271 1708 ipse
1288 1621 1420 1707 plurima

283 1732 316 1788 et
337 1725 480 1789 maxima
501 1724 750 1808 (corrgesscras).
795 1723 877 1808 Phil.
898 1723 930 1807 2,
954 1725 995 1789 29
1018 1724 1154 1805 multos,
1185 1725 1242 1810 qni
1264 1746 1282 1788 e
1304 1722 1420 1810 proelio

284 1825 476 1910 effugerant,
500 1847 580 1912 qnos
596 1825 729 1908 ansar,
753 1835 789 1891 ut
803 1825 975 1891 nonnullos
992 1827 1179 1912 (servavit),
1203 1825 1344 1892 sortasse
1359 1845 1419 1888 ser·

283 1935 410 2009 resset,
439 1925 663 1992 crudelissime
693 1939 883 2012 persecutas
905 1927 1098 1993 trucidatas.
1143 1927 1237 1995 Ovid.
1260 1949 1339 1992 rem.
1364 1946 1420 1990 am.

282 2029 324 2094 af>
348 2029 486 2112 vixisset
508 2028 649 2115 Phyllis,
678 2030 707 2092 si
732 2051 786 2093 me
815 2029 900 2094 foret
921 2051 980 2093 usa
1002 2030 1174 2114 magistro,
1206 2038 1238 2093 et
1255 2051 1319 2116 per
1340 2025 1422 2115 quod

284 2131 396 2194 novies
420 2130 541 2213 (ierat),
565 2131 695 2215 saepius
718 2131 799 2196 isset
820 2132 893 2195 iter.

368 2253 395 2300 c.
419 2232 499 2296 Das
523 2231 582 2298 als
605 2231 779 2316 moglich
803 2233 1007 2302 Gedaclrte
1030 2232 1112 2297 wird
1135 2233 1194 2317 (im
1210 2231 1422 2318 Oonjunctir)

282 2355 340 2396 aas
363 2334 436 2398 dem
459 2333 704 2399 Factischen
727 2342 874 2418 ergtinzt.
918 2334 1015 2398 Danu
1038 2333 1142 2398 findet
1164 2333 1217 2398 die
1239 2333 1365 2420 Ellipse
1384 2353 1422 2396 an

283 2436 448 2500 aweiter
471 2434 571 2500 Stella
595 2423 689 2500 Satt‘
711 2435 778 2500 und
806 2433 859 2500 die
881 2435 1044 2521 Tempora
1072 2437 1106 2500 in
1134 2435 1249 2502 beiden
1272 2435 1422 2501 (iliadem

284 2535 356 2600 sind
380 2535 503 2620 gleich:
536 2537 605 2602 oie.
628 2541 699 2602 Art.
723 2539 754 2619 8,
782 2539 830 2618 ll,
854 2537 872 2601 7
900 2535 996 2602 simul
1019 2535 1145 2623 aliquid
1168 2535 1320 2616 audiero,
1347 2535 1423 2600 sori·

285 2637 358 2702 bam
386 2638 427 2701 ad
455 2649 504 2721 te,
539 2648 575 2704 tu
601 2639 644 2702 ad
673 2661 724 2703 me
753 2637 852 2702 velim
880 2637 1036 2704 bonorum
1065 2657 1231 2704 sermones
1259 2638 1423 2724 (scribas).

278 2739 436 2823 1111502,
461 2741 501 2803 18
529 2739 685 2804 utendum
713 2750 764 2804 est
790 2739 890 2825 igitur
912 2740 963 2804 his
989 2777 1022 2786 -
1055 2761 1249 2826 -quaeres
1277 2740 1422 2818 fortasse,

283 2841 445 2926 quomodo
469 2841 639 2927 (utendum
664 2841 731 2926 sit).
754 2843 785 2924 5,
808 2843 850 2905 22
866 2843 1062 2924 musicorum
1081 2865 1158 2908 vero
1174 2841 1422 2928 perstudiosum,

283 2953 411 3029 poetam
423 2944 521 3009 etiam
534 2945 693 3028 tragicum
709 2943 828 3026 (fuisse
840 2943 1053 3030 accepimus),
1070 2966 1167 3030 quam
1180 2943 1298 3010 bonum
1311 2943 1423 3026 (fuisse

283 3048 517 3132 acceperimus)
540 3044 622 3110 nihil
644 3044 687 3109 ad
709 3067 788 3110 rem.
812 3069 845 3132 p.
869 3045 997 3110 Cluent.
1021 3046 1051 3127 1,
1073 3045 1303 3110 20‘accusavit
1325 3044 1422 3130 Oppi·

283 3149 429 3230 cuicum,
463 3169 560 3233 quarn
590 3156 778 3213 constanter
807 3156 839 3212 et
866 3169 963 3234 quam
992 3146 1167 3232 diligenter
1196 3142 1423 3231 (accusaverit)

284 3259 397 3334 postea
420 3249 537 3314 dicam.
550 3271 652 3335 ,prou
675 3271 764 3314 cous.
784 3249 831 3330 17,
854 3251 892 3312 41
911 3270 994 3335 quae
1009 3270 1069 3334 ego
1085 3250 1193 3326 omnia
1208 3247 1424 3315 obstinatione

283 3349 424 3435 quadam
447 3351 628 3416 sentcntiae
644 3348 833 3437 repudiavi,
857 3373 955 3436 quam
971 3353 1135 3438 sapienter
1159 3348 1423 3437 (repudiaverim)

194 3535 196 3540 Ι
264 3473 349 3517 -uon
373 3451 516 3538 disputo.
539 3452 579 3517 de
602 3475 648 3517 or.
671 3453 702 3535 2,
725 3451 767 3516 59
796 3463 845 3517 est
867 3454 964 3517 etiam
987 3453 1204 3518 deformitatis
1229 3463 1261 3518 et
1281 3448 1423 3538 eorporis

285 3555 436 3620 vitiorum
466 3556 546 3620 satis
575 3553 660 3621 bella
689 3554 825 3619 materia
858 3554 899 3618 ad
934 3553 1122 3632 ioeaudmn;
1156 3551 1214 3618 sed
1243 3554 1422 3640 quaerimus

284 3657 382 3741 idem,
406 3657 495 3744 quod
516 3658 550 3720 in
572 3657 689 3721 ceteris
712 3655 809 3720 rebus
832 3656 975 3722 maxime
990 3656 1208 3742 quaerendum
1233 3665 1293 3737 est,
1316 3663 1422 3741 quate·

284 3780 344 3823 nns
368 3760 518 3842 (materia
540 3758 608 3842 sit).
635 3757 666 3838 3,
693 3757 730 3822 18
753 3757 819 3822 alia
841 3758 927 3822 enim
950 3767 983 3824 et
1006 3757 1090 3822 bona
1113 3766 1146 3822 et
1167 3757 1254 3822 rnala
1277 3756 1423 3820 rideatur

284 3862 402 3924 Stoicis
425 3860 595 3936 etceteris
619 3859 747 3923 civibus
772 3857 824 3922 vel
848 3860 956 3945 potius
984 3859 1138 3943 gentibus
1161 3895 1202 3906 -
1230 3897 1264 3905 —
1290 3877 1360 3922 vere
1380 3875 1423 3918 an

284 3983 377 4038 secus
400 3960 602 4046 (videantur)
625 3959 706 4024 nibil
729 3960 771 4024 ad
794 3961 855 4025 hoc
878 3969 1015 4047 tempus.
1031 4014 1033 4018 .
1048 4001 1084 4010 —-
1109 3960 1189 4028 Hor.
1213 3971 1276 4026 sat.
1301 3964 1328 4044 l,
1348 3959 1379 4041 3,
1403 3957 1422 4018 9

284 4085 380 4149 saepe
404 4064 493 4128 velut
520 4063 575 4149 qui
603 4062 756 4126 currebat
783 4061 913 4146 fugiens
937 4062 1062 4127 hostem
1091 4061 1127 4146 (i.
1150 4085 1179 4126 e.
1203 4083 1299 4149 saepe
1320 4079 1421 4125 curre-

285 4164 356 4246 bat,
386 4163 475 4230 velut
498 4167 551 4250 qai
575 4162 704 4248 lugiens
728 4162 852 4228 hostem
881 4165 1050 4248 curreret).
1095 4157 1307 4247 Quinctil,
1332 4163 1357 4242 1,
1379 4159 1418 4222 61

284 4267 339 4330 sed
362 4289 427 4332 nou
450 4289 579 4354 semper
599 4263 657 4330 illa
680 4267 743 4345 via,
767 4287 831 4351 qua
853 4277 967 4330 contra
983 4267 1126 4332 Sassiam
1142 4267 1257 4332 Cicero
1272 4285 1345 4329 usus
1360 4271 1420 4340 est,

283 4391 347 4432 non
376 4371 451 4454 qaia
478 4369 625 4434 nonille
655 4368 776 4453 optime
805 4367 896 4450 (usus
925 4369 1000 4454 sit),
1034 4369 1092 4434 sed
1115 4369 1193 4454 quia
1215 4377 1273 4450 ert.
1315 4362 1419 4428 Valer-

283 4471 370 4536 Max.
393 4475 423 4554 4,
446 4473 477 4556 3,
504 4475 542 4538 14
565 4495 647 4536 rinus
671 4472 756 4535 euim
780 4471 915 4556 quisque
939 4493 974 4535 sc
997 4473 1038 4536 ab
1063 4471 1111 4536 his
1136 4471 1271 4559 perinde
1293 4491 1328 4534 ac
1349 4463 1374 4528 si
1400 4485 1419 4528 a
