3070 5146
570 397 610 410 ..
654 359 716 426 561
759 396 803 408 „

109 534 138 598 p.
159 510 191 576 id
215 523 363 602 tempus.
394 513 425 596 6,
452 515 468 577 1
492 536 524 599 p.
546 511 603 577 illa
630 509 785 598 ternpoia.
824 513 853 594 1,
877 512 895 576 7
924 519 1047 576 aetates
1072 536 1102 597 p.
1127 511 1256 576 multas.

109 613 198 679 Eben
227 637 264 680 so
296 615 355 680 bei
384 614 561 700 Spdteren‚
593 636 658 680 von
685 611 792 678 denen
818 611 939 678 Sueten
968 613 1053 677 auch
1081 623 1170 699 sagi:
1199 633 1260 699 per
1361 689 1364 694 ‚

108 715 182 780 haec
207 717 479 798 „unterdessen“
503 715 692 782 0111111121.
722 737 781 802 per
803 735 886 801 qnae
908 714 984 779 Tib.
1006 715 1058 780 52.
1125 725 1131 730 ’

188 819 218 882 3.
244 818 313 884 Per
336 818 396 882 hat
418 814 767 883 instrumentalen
790 814 871 880 Sino
893 815 961 879 und
983 815 1175 882 bezeichnet

187 919 221 1002 a)
246 920 302 985 die
338 919 508 1002 Person,
551 917 652 983 durch
693 917 792 982 deren
826 915 1124 1004 Vermittelung
1157 926 1259 983 etwas

110 1019 294 1102 geschicht:
326 1022 435 1087 Plaut.
458 1017 529 1084 Mil.
555 1019 636 1085 1225
659 1041 716 1106 per
737 1020 896 1086 nuntium.
934 1019 1033 1084 Poen.
1056 1021 1088 1103 5,
1110 1021 1140 1102 4,
1166 1021 1205 1084 14
1227 1043 1259 1106 p.

111 1145 200 1208 quem
225 1125 391 1188 vivimus.
421 1120 541 1186 Caecil.
566 1121 706 1186 Statius:
730 1143 762 1206 p.
786 1120 956 1186 servolum.
986 1121 1056 1187 Cic.
1072 1120 1167 1188 Rosc.
1184 1123 1259 1190 Am.

110 1223 148 1285 29
168 1246 227 1312 per
251 1225 418 1312 quos‘dp.
441 1221 531 1289 Sulla
553 1222 594 1286 22
616 1246 648 1310 p.
665 1219 844 1286 Caecilium
860 1221 951 1288 Sulla
973 1235 1151 1290 accusatur.
1183 1223 1261 1289 Und
1301 1233 1305 1242 “

112 1347 143 1388 so
168 1325 202 1388 in
229 1325 321 1390 allen
352 1326 478 1390 Zciten.
529 1323 652 1410 Haufig
684 1325 728 1387 ist
758 1346 815 1407 per
846 1343 893 1407 se,
928 1323 1065 1389 welches
1095 1324 1261 1390 entwedcr

113 1425 234 1509 „durch
269 1427 345 1492 sich
379 1427 504 1494 selbst“
540 1425 618 1492 oder
660 1449 725 1508 „an
761 1425 828 1490 und
858 1425 912 1490 1111
943 1426 1035 1491 sich“
1070 1427 1125 1512 (=
1158 1427 1260 1511 solus)

113 1527 272 1597 bedentet.
1269 1601 1279 1610 ,
1333 1567 1345 1575 -

194 1634 228 1715 b)
254 1634 330 1696 eine
354 1631 495 1714 Saehe,
524 1630 582 1694 das
610 1615 746 1694 Mi‘ttel
773 1629 854 1695 oder
876 1629 1128 1716 Werkzeug:
1153 1630 1260 1696 Plaut.

113 1730 181 1797 Mil.
199 1734 284 1800 1225
299 1757 332 1821 p.
350 1731 534 1819 epistulam.
566 1731 687 1800 Caecil.
704 1729 845 1796 Statius:
868 1754 900 1818 p.
916 1731 1052 1798 litteras.
1099 1732 1261 1797 Dasselbe

115 1832 163 1897 bei
186 1834 257 1900 Cic.
284 1837 382 1898 Verr.
405 1835 434 1916 2,
458 1836 488 1916 8,
513 1834 554 1897 24
576 1832 643 1896 und
666 1833 759 1897 diter.
796 1833 872 1897 fam.
898 1835 927 1912 l,
950 1835 1002 1916 32,
1025 1835 1045 1897 2
1068 1857 1099 1920 p.
1123 1835 1261 1900 Antonii

114 1957 284 2020 personam
309 1938 489 2023 disputata.
524 1936 591 1998 inv.
624 1934 652 2015 1,
682 1935 722 1998 31
746 1957 777 2020 p.
800 1933 1030 2000 inductionem.
1061 1937 1112 2002 53.
1135 1937 1187 2002 54.
1210 1939 1262 2002 55.

62 2057 65 2070 ¹
116 2035 154 2100 56
177 2037 263 2121 (hier
285 2037 467 2104 bescnders
491 2035 627 2122 haufig).
659 2035 689 2115 2,
713 2035 750 2098 11
770 2057 802 2121 p.
826 2037 1029 2103 seditionem.
1058 2039 1101 2102 22
1116 2061 1147 2126 p.
1164 2060 1262 2125 quam

117 2137 149 2220 (4
174 2139 267 2226 Mal).
316 2138 478 2205 Dasselbe
505 2139 536 2221 2,
564 2137 606 2202 53
634 2161 666 2202 u.
695 2137 738 2201 54
765 2137 919 2222 (total).
949 2139 1044 2203 Rosc.
1074 2141 1148 2206 Am.
1180 2141 1200 2203 2
1228 2165 1259 2228 p.

118 2240 217 2305 scelus
239 2281 284 2289 —
307 2265 341 2328 p.
364 2240 539 2305 luxuriam.
577 2239 670 2302 Verr.
700 2237 746 2322 ΙΙ,
778 2239 805 2319 1,
833 2239 884 2302 2l.
914 2239 967 2304 22.
991 2280 1031 2288 -
1061 2241 1154 2307 Caes.
1179 2243 1210 2307 b.
1234 2265 1261 2307 c.

117 2341 148 2420 3,
175 2343 216 2406 82
245 2367 276 2430 p.
308 2345 379 2408 eius
408 2343 636 2407 auctoritatem
666 2337 833 2426 deceptus.
882 2341 942 2405 Bei
972 2341 1166 2407 Klassikem
1194 2345 1261 2408 und

119 2441 293 2530 Spateren:
324 2467 385 2528 per
417 2445 482 2510 vim
519 2442 613 2527 (aber
644 2442 679 2504 in
713 2440 904 2506 demselben
938 2443 1038 2508 Sinna
1070 2445 1171 2512 auch:
1205 2448 1262 2529 vi).

119 2545 202 2614 Suet.
226 2547 296 2613 Jul.
323 2546 362 2611 16
385 2549 417 2612 11
440 2567 479 2610 ac
501 2565 680 2633 perarma.
720 2542 761 2607 74
788 2567 818 2632 p.
850 2567 1021 2611 venenum.
1056 2545 1131 2612 Tib.
1162 2549 1201 2612 18
1231 2571 1263 2635 p.

119 2643 253 2714 libellos.
277 2671 415 2736 gramm.
438 2647 458 2712 6
480 2671 539 2735 per
561 2667 656 2710 unam
679 2646 707 2709 L
729 2645 874 2710 litteram
896 2649 1052 2734 scriptum
1073 2651 1206 2735 -ipse
1228 2649 1263 2712 id

120 2769 174 2832 per
196 2751 280 2816 duas
305 2749 407 2815 effert.
423 2749 524 2814 ·Just.
549 2751 578 2829 1,
601 2749 623 2811 4
645 2771 676 2834 p.
706 2746 853 2811 ordinem
882 2752 1097 2816 successionis
1126 2773 1262 2835 regnum

121 2848 160 2913 ad
181 2854 354 2940 Astyagen
379 2849 557 2916 descendit.
588 2850 618 2926 5,
644 2849 683 2912 10
703 2871 735 2936 ρ.
758 2848 896 2913 insidias
919 2851 1181 2936 comprehensus.
1211 2874 1263 2939 cp.

124 2952 158 3014 11
186 2975 246 3020 nec
275 2975 335 3044 per
362 2951 662 3031 dissimulationem,
694 2949 752 3014 sed
780 2960 895 3036 aperta
923 2953 1137 3038 professione.
1167 2953 1221 3035 26,
1246 2959 1261 3018 1

122 3053 197 3119 urbs
225 3057 268 3122 ab
293 3055 485 3118 Aristotimo
513 3076 543 3141 p.
572 3050 780 3140 tyrannidem
809 3061 997 3138 occupatur.
1019 3091 1062 3102 -
1085 3053 1150 3121 Per
1170 3056 1265 3140 fidem

121 3153 235 3232 fallere,
260 3159 393 3238 laedere,
416 3156 639 3220 circunroenirc
661 3153 745 3218 diter
767 3153 820 3217 bei
843 3151 967 3238 Cicero,
992 3155 1114 3220 Caesar
1136 3181 1166 3221 u.
1191 3179 1220 3221 a.

204 3256 448 3348 Urspriinglich
470 3259 526 3322 hat
548 3279 616 3320 nun
640 3277 729 3319 zuar
757 3253 826 3318 dies
855 3257 1102 3323 instrumentale
1118 3281 1179 3350 per
1201 3257 1265 3324 den

124 3353 215 3445 Weg
237 3361 440 3444 bezeichnet,
463 3359 522 3424 auf
542 3357 697 3423 welchem
719 3378 793 3420 man
818 3379 890 3420 zum
907 3357 998 3423 Ziela
1020 3360 1164 3448 gelangt‚
1187 3362 1267 3426 aber

125 3457 222 3526 schon
245 3463 331 3544 fruh,
354 3459 532 3526 vereinaelt
554 3481 652 3545 sogar
673 3461 707 3522 in
730 3458 930 3524 klassiseher
952 3461 1039 3544 Zeit‚
1066 3461 1266 3526 namentlich

126 3559 200 3625 aber
215 3567 278 3630 seit
294 3564 421 3646 Livius,
445 3563 652 3648 gebrauchen
669 3581 702 3624 es
724 3558 779 3623 die
795 3559 980 3643 Prosaiker,
1004 3585 1062 3626 um
1087 3566 1157 3630 mit
1180 3563 1265 3628 dem

128 3654 295 3732 Ablativ
318 3689 364 3730 zn
387 3662 605 3728 weehseln:
636 3663 731 3728 Caes.
755 3661 785 3725 b.
810 3685 838 3726 c.
860 3663 890 3742 3,
913 3663 955 3728 55
983 3686 1041 3751 ρει·
1070 3668 1137 3730 vim
1166 3686 1265 3751 expu-

128 3783 279 3844 gnare-
295 3768 440 3833 amicitia
462 3765 647 3832 conciliare.
678 3761 754 3829 Sall.
777 3762 855 3849 Jug.
879 3765 896 3828 7
913 3786 1018 3852 neque
1033 3789 1063 3851 p.
1081 3770 1267 3854 vimneqne

129 3863 261 3938 insidiis.
297 3871 338 3935 23
367 3879 423 3935 aut
449 3892 480 3954 p.
516 3870 584 3933 vim
617 3876 679 3932 aut
707 3864 802 3932 dolis.
837 3864 911 3930 Liv.
941 3867 971 3951 2,
999 3868 1041 3931 42
1067 3890 1152 3932 nunc
1181 3870 1266 3933 extis

128 3971 210 4038 nu'nc
232 3995 291 4060 per
312 3994 401 4038 aves.
432 3972 463 4056 6,
485 3972 505 4036 3
528 3992 593 4034 non
616 3970 650 4032 vi
672 3977 814 4055 captum,
843 3966 901 4032 sed
925 3972 1080 4035 traditum
1102 3994 1134 4058 ρ.
1157 3970 1267 4036 condi·

131 4067 245 4142 ciones.
276 4075 308 4157 6,
324 4073 368 4138 29
382 4096 448 4138 non
470 4075 515 4154 11,
540 4073 596 4136 sed
613 4095 645 4157 p.
668 4069 879 4142 deditionem.
909 4070 940 4152 6,
961 4072 1002 4137 37
1025 4070 1097 4156 lege
1120 4071 1267 4137 obtinen-

132 4168 204 4236 dum
227 4197 309 4257 csse,
333 4175 420 4262 qnod
443 4176 583 4240 comitiis
614 4173 832 4260 pergratiam
854 4183 1006 4260 nequeat.
1044 4174 1072 4255 7,
1096 4175 1138 4240 30
1159 4176 1267 4261 potius

133 4268 283 4342 beneficio
306 4299 465 4362 —quam
488 4300 520 4364 p.
544 4274 749 4339 maleficium.
785 4276 814 4352 8,
845 4276 865 4338 2
893 4298 957 4340 non
985 4274 1125 4357 foedere,
1155 4277 1212 4340 sed
1236 4301 1268 4365 p.

135 4371 338 4443 deditionem.
376 4379 406 4461 9,
434 4380 454 4442 5
483 4383 546 4443 non
574 4375 717 4458 foedere,
747 4378 805 4441 sed
833 4401 863 4464 p.
892 4379 1110 4472 sponsionem.
1146 4377 1198 4462 29,
1231 4379 1269 4442 19
1355 4439 1356 4442 ,

134 4472 201 4558 plus
223 4504 254 4568 p.
281 4481 483 4562 seditionem,
506 4501 603 4566 quam
626 4477 722 4546 bello.
759 4477 812 4562 39,
835 4479 855 4544 8
884 4479 985 4544 multa
1007 4477 1092 4561 dolo,
1116 4478 1269 4566 pleraque
