3056 5144
753 405 1098 484 -508-Ὶ

297 529 574 641 ιιιιίιιςιιιιιιιιιιιι
595 567 713 623 natura
735 557 813 623 dati.
847 557 988 624 Parallel
1011 557 1148 624 stebend
1171 559 1232 625 mit
1246 557 1425 625 Ablativen:
1504 577 1505 610 t

297 657 350 722 off.
378 661 409 738 1,
432 659 489 740 20,
512 657 553 724 68
582 681 646 724 non
675 669 725 724 est
751 669 859 725 autem
888 669 1156 741 consentaneum,
1185 660 1242 746 qui
1269 669 1351 724 metu
1368 683 1427 726 non

297 749 484 844 frangatur,
508 782 580 825 eum
603 761 711 846 frangi
734 761 928 849 cupiditate,
956 783 1018 826 nec
1039 761 1095 848 qui
1117 761 1278 828 invictum
1300 783 1333 826 se
1352 760 1426 826 alu·

298 861 375 925 bore
402 863 616 947 praestiterit,
646 862 734 926 vinci
763 885 783 927 a
810 861 987 949 voluptate.
1033 862 1098 928 Ein
1125 861 1313 928 komischer
1335 861 1427 927 Effert

297 961 423 1029 scheint
446 961 696 1048 beabsichtigt
688 985 721 1028 ιιι
744 965 819 1029 dem
841 963 936 1029 Brief
954 965 996 1054 ad
1019 965 1098 1029 fam.
1120 964 1150 1047 7,
1165 964 1208 1029 26
1230 985 1251 1027 a
1272 964 1346 1030 beta
1365 975 1428 1030 eta

297 1063 405 1128 malva
427 1065 580 1152 deceptus
604 1087 684 1130 sum.
723 1065 837 1130 chter
861 1067 945 1130 heim
964 1047 1079 1132 Passis
1104 1065 1163 1131 der
1176 1065 1299 1148 Verba,
1323 1065 1428 1130 welche

298 1163 510 1246 „verlussen‘⁴
532 1165 712 1232 bedenten:
744 1166 810 1231 Cic.
835 1159 1008 1251 1ιιιιι.5,2,
1027 1168 1067 1232 10
1088 1167 1238 1248 desertus
1262 1166 1304 1231 ab
1325 1165 1428 1233 officiis

297 1268 374 1332 tuis.
411 1267 455 1332 ad
476 1267 608 1349 Att.,3
638 1267 718 1333 15a
745 1279 852 1334 mente
880 1291 944 1333 non
972 1268 1113 1334 deserar.
1143 1270 1181 1350 4,
1214 1269 1253 1332 10
1279 1289 1300 1331 a
1326 1269 1428 1334 ceteris

297 1367 570 1434 oblectationibus
587 1369 727 1434 deseror.
760 1370 810 1454 16,
830 1371 1058 1436 3deseremur
1080 1371 1189 1457 potius
1211 1391 1234 1452 a
1255 1391 1324 1456 rep.
1345 1391 1429 1456 quem
1504 1383 1505 1450 1

160 1507 165 1514 ·
297 1491 366 1534 are
388 1468 553 1534 familiari.
584 1470 737 1537 Cornif.
752 1473 783 1554 4,
799 1419 818 1537 8
841 1469 1015 1537 derelrctos
1031 1471 1073 1537 ab
1088 1470 1302 1537 humanitate
1332 1470 1428 1536 Caes.

298 1571 330 1636 b
353 1593 384 1656 g.
408 1572 440 1652 3,
468 1571 504 1636 13
526 1571 568 1636 ab
590 1582 683 1638 aestu
711 1572 843 1638 relictae
866 1573 1005 1658 (naves).
1039 1571 1073 1637 b.
1097 1593 1125 1637 c.
1148 1574 1179 1657 3,
1202 1573 1246 1637 64
1268 1593 1396 1638 cum—
1359 1593 1429 1634 -a

298 1673 424 1738 viribus
447 1671 711 1762 deficeretur.-
675 1673 937 1759 -.bg.3,26
960 1675 1092 1739 intritae
1111 1674 1156 1739 ab
1178 1671 1360 1740 l.-abore
1381 1672 1429 1738 Li·
1504 1731 1505 1736 ,

298 1775 391 1839 vius
414 1784 489 1859 sagt
510 1795 599 1838 awar
626 1775 661 1838 in
684 1774 743 1839 der
763 1774 882 1858 Regel:
910 1776 1075 1841 destitutus
1094 1795 1161 1858 spe,
1192 1775 1272 1841 aber
1299 1775 1429 1840 auchub

297 1896 367 1960 spe:
389 1876 441 1957 22,
467 1877 514 1940 15.
545 1875 596 1960 ιι,
618 1876 669 1940 ιι.
699 1877 752 1958 31,
774 1877 827 1940 24.
856 1876 909 1958 36,
931 1877 984 1941 se.
1014 1876 1067 1957 40,
1090 1877 1142 1940 ιι.
1179 1875 1272 1942 curt.
1295 1877 1325 1954 4,
1346 1877 1376 1958 ι,
1395 1875 1430 1938 20
1504 1891 1505 1958 ι

298 1977 340 2041 ab
362 1977 487 2062 ingenti
509 1999 566 2064 spe
589 1977 736 2043 destituti
758 1987 859 2045 erant.
879 2015 915 2026 —-
931 1977 1031 2043 Nicht
1045 1975 1198 2062 auflltllig
1220 1977 1295 2043 sind
1311 1975 1429 2057 Stellen,

299 2078 360 2144 wie
381 2079 466 2144 Liv.
489 2078 525 2160 2,
549 2080 591 2144 54
613 2099 787 2165 oppressus
810 2101 830 2142 a
852 2079 1028 2148 tribunicia
1050 2087 1213 2164 potestate
1236 2081 1273 2164 (i.
1296 2101 1323 2144 e.
1344 2099 1363 2143 a
1381 2079 1428 2142 tri·

298 2179 422 2262 bunis).
457 2181 515 2264 25,
538 2179 580 2245 23
607 2189 722 2267 captus
749 2202 770 2243 a
791 2179 946 2246 Romanis
974 2179 1125 2245 navibus.
1161 2180 1198 2264 3,
1221 2181 1263 2246 47
1290 2177 1430 2267 repellis

298 2280 397 2367 globo
419 2280 600 2346 mulierum.
640 2282 657 2344 7
665 2328 674 2361 ,
699 2281 738 2346 18
760 2280 866 2346 relicti
887 2303 907 2344 a
928 2291 1021 2368 parte
1043 2279 1168 2369 populi.
1204 2281 1261 2362 26,
1282 2283 1325 2346 40
1344 2280 1429 2366 Agri-

297 2393 430 2466 gentum
454 2383 627 2449 tsnebatur
642 2404 662 2447 a
677 2381 995 2468 Carthaginiensium
1019 2381 1130 2448 valido
1152 2382 1328 2470 praesidio.
1355 2382 1382 2462 5,
1394 2380 1427 2444 21

299 2485 465 2567 Veientes,
488 2485 594 2572 ignari
617 2507 652 2548 se
675 2485 739 2548 iam
754 2485 795 2550 ab
812 2485 879 2549 suis
895 2485 1039 2564 vatibus,
1061 2485 1127 2548 iam
1151 2485 1191 2549 ab
1215 2485 1428 2550 externisora·

299 2585 381 2649 culis
404 2587 561 2672 proditos.
591 2586 642 2668 21,
658 2586 699 2651 33
722 2585 819 2650 simul
840 2585 882 2650 ab
907 2587 1066 2668 hostibus,
1090 2583 1187 2650 simul
1210 2587 1252 2651 ab
1274 2586 1429 2672 iniquitate

300 2687 442 2752 locorum
475 2687 750 2774 oppugnabantur
784 2687 942 2770 (offenbar
975 2687 1035 2752 der
1061 2686 1274 2753 Concinnitdt
1306 2687 1429 2770 wagan).

300 2788 409 2853 Justin
430 2789 460 2868 2,
488 2789 525 2853 12
548 2789 776 2853 circumveniri
799 2811 818 2852 a
840 2787 1061 2855 multitudine.

384 2891 443 2954 Bei
459 2890 676 2972 Dichtern,
700 2889 753 2954 die
770 2887 928 2955 zuweilen
945 2912 1043 2976 sogor
1060 2890 1119 2955 das
1135 2899 1289 2955 concrete
1303 2887 1428 2954 Weck-

301 3011 399 3076 zeug
427 2991 484 3056 der
506 2991 687 3078 Handlung
715 2989 819 3058 durch
846 2991 886 3056 uh
914 2989 1130 3072 bezeichnen,
1159 3013 1237 3076 mag
1265 2989 1324 3056 das
1345 2987 1428 3054 Vers-

299 3091 486 3157 bediirfniss
509 3094 711 3160 mitwirken:
746 3092 849 3158 Ovid
872 3115 915 3157 m.
934 3094 966 3176 8,
988 3093 1051 3158 513
1073 3091 1187 3158 invitis
1209 3101 1375 3180 correptus
1393 3090 1427 3154 ab

299 3193 429 3278 ignibus
451 3196 541 3259 arsit.
579 3197 616 3258 11
624 3242 633 3275 ,
659 3195 719 3260 130
748 3205 780 3261 et
807 3195 916 3260 inviso
939 3196 1072 3260 meritus
1095 3203 1267 3280 torquetur
1288 3193 1330 3258 ab
1353 3212 1427 3256 auro.

302 3296 351 3377 14,
367 3297 430 3360 345
451 3297 623 3382 puniceam
645 3296 736 3362 fulvo
753 3295 959 3383 chlamydem
975 3305 1162 3361 contractus
1185 3295 1229 3362 ab
1251 3317 1340 3362 auro.
1367 3293 1430 3358 fast.

299 3399 330 3481 5,
354 3397 417 3462 109
439 3406 570 3485 pectora
592 3398 746 3464 traiectus
769 3399 902 3485 Lynceo
925 3398 1042 3464 Castor
1062 3397 1104 3461 ab
1128 3418 1216 3462 cnse.
1248 3407 1310 3462 art.
1335 3400 1361 3477 1,
1379 3391 1430 3459 510

299 3521 320 3563 a
341 3497 431 3563 nulla
451 3506 600 3584 tempora
622 3509 768 3587 comptus
790 3522 861 3566 acu.
898 3501 960 3565 763
983 3500 1017 3564 hi
1039 3497 1147 3564 iaculo
1174 3499 1300 3586 pisces,
1324 3496 1371 3561 illi
1389 3517 1430 3560 ca·

299 3600 433 3687 piuntur
453 3602 496 3666 ab
519 3601 632 3666 hamis.
664 3600 758 3666 Pont.
780 3602 811 3683 4,
835 3603 866 3683 7,
889 3601 910 3666 9
932 3602 988 3688 qui
1011 3599 1111 3677 semel
1134 3609 1186 3664 est
1208 3596 1317 3664 laesus
1338 3593 1430 3665 fallari

301 3702 399 3786 piscis
420 3700 464 3766 ab
491 3700 597 3768 hamo.
632 3704 669 3787 3,
691 3704 726 3780 5,
749 3704 791 3769 45
814 3701 931 3769 Getico
959 3723 1089 3789 peream
1119 3700 1262 3766 violatus
1288 3700 1330 3767 ab
1356 3719 1430 3764 arcu.

300 3803 384 3867 trist.
410 3805 437 3882 1,
452 3801 483 3885 2,
499 3805 539 3867 47
564 3825 623 3869 nec
645 3803 748 3870 levius
773 3805 908 3871 laterum
931 3803 1063 3869 tabulae
1085 3804 1252 3868 feriuntur
1273 3804 1316 3868 ab
1337 3797 1431 3866 undis.

300 3903 372 3969 Val.
395 3903 444 3968 Fl.
469 3905 499 3987 8,
524 3905 584 3970 311
609 3908 719 3971 victus
743 3908 916 3972 cecidisset
936 3905 979 3971 ab
1002 3904 1106 3972 hasta.

385 4008 438 4070 An
460 4005 603 4071 anderen
625 4007 798 4075 ehnlichen
822 4007 945 4074 Stellen
968 4005 1095 4072 scheint
1116 4007 1157 4072 ab
1180 4006 1246 4070 deu
1263 4005 1431 4093 Ureprung,

301 4105 359 4170 das
381 4105 672 4192 Hervorgehen
694 4110 763 4174 der
787 4108 988 4195 Wirkung
1015 4129 1084 4173 aus
1108 4107 1179 4172 der
1202 4107 1380 4174 Ursache
1399 4127 1432 4168 ru

301 4204 511 4290 bezeichnen,
534 4208 662 4274 freilich
676 4232 781 4296 gegen
796 4210 861 4274 den
883 4209 1124 4276 herrschenden
1139 4204 1430 4297 Sprachgehrauch.

303 4305 346 4370 So
376 4305 475 4372 sebon
502 4309 555 4373 bei
578 4311 657 4377 Cic.
681 4333 711 4374 n.
734 4309 767 4376 d.
789 4312 826 4394 2,
848 4311 890 4378 55
919 4333 958 4376 ea
981 4311 1115 4397 (anima)
1144 4311 1279 4377 calescit
1306 4309 1429 4398 primum

303 4407 345 4470 ab
369 4411 556 4493 suspiritu.
587 4411 679 4477 acad.
702 4413 739 4493 2,
761 4413 803 4478 23
826 4436 846 4478 a
872 4411 940 4478 sole
963 4411 1112 4480 collucet.
1157 4411 1368 4498 Uaberhaupt
1387 4405 1430 4470 bei

305 4505 541 4574 Intransitivisr
572 4511 678 4578 Ovid
699 4514 775 4579 fast.
790 4515 821 4596 5,
836 4515 899 4581 323
921 4513 1046 4580 caelum
1067 4515 1226 4600 nigrescit
1247 4515 1290 4580 ab
1304 4507 1427 4578 Ananis.
