3070 5146
712 359 942 424 ..536-

255 522 375 600 mnam,
398 483 569 599 1111111111,
593 515 816 598 lychnuchum,
846 514 891 578 ad
915 517 1052 592 centnm,
1082 511 1205 592 libiam,
1233 511 1402 590 tibicinam

257 623 429 687 5111111111.
456 655 494 666 -
516 617 611 702 Virg.
635 619 676 681 Α.
699 616 732 696 4,
755 615 817 680 513
840 615 881 681 ad
903 613 1025 680 lunam.
1061 612 1160 678 Ovid.
1184 612 1259 676 fast.
1284 613 1319 692 1,
1341 611 1403 676 438

256 721 299 786 ad
326 722 421 790 lunae
450 719 583 784 lumina.
619 717 699 784 Hor.
724 738 773 802 ep.
801 718 828 798 1,
851 716 883 797 2,
905 717 946 781 31
975 715 1018 780 ad
1045 715 1217 800 strepitum
1247 711 1402 777 citharae.

261 863 294 874 -
320 821 405 887 Plin.
427 823 458 886 h.
482 844 512 884 1.
537 819 588 903 12,
611 820 664 900 32,
689 818 728 883 15
750 817 793 881 ad
815 815 1045 906 Troglodytas.
1080 813 1291 884 Τ11.(11.20
1318 811 1404 878 idem

256 925 343 1013 apud
358 921 566 1002 avunculum,
582 923 638 1008 qui
654 921 695 986 ed
712 927 838 1005 patrem
853 918 969 985 honor.
999 918 1086 983 Mela
1097 921 1129 1002 3,
1140 918 1170 998 2,
1188 917 1209 981 3
1223 917 1267 980 ed
1283 936 1404 980 manes.

342 1028 373 1092 3.
397 1025 437 1090 In
465 1025 728 1110 temporalem
757 1021 857 1086 Sinne
886 1021 1040 1087 bedentet
1067 1021 1112 1086 cd
1137 1021 1190 1085 die
1213 1020 1327 1085 Dauer
1354 1016 1404 1082 bis

258 1151 300 1194 11
317 1129 379 1194 den
395 1126 601 1206 Endtermin,
626 1123 716 1188 daun
739 1123 774 1187 in
794 1125 955 1209 gewissen
971 1121 1123 1189 Formeln
1143 1122 1206 1186 den
1222 1119 1407 1208 Endpunkt

260 1231 373 1312 selbst,
396 1226 558 1294 nitmlich:
589 1226 657 1291 (lic.
687 1225 782 1289 Verr.
810 1227 840 1306 2,
870 1227 890 1290 2
918 1227 962 1292 ad
988 1226 1070 1290 diem
1097 1246 1174 1305 „em
1198 1224 1405 1289 bestimmten

259 1333 383 1416 Tage“.
423 1329 516 1395 Caes.
544 1327 575 1391 b.
607 1349 638 1412 g.
666 1328 699 1408 2,
728 1327 758 1390 5.
795 1327 825 1408 5,
857 1327 882 1390 1.
923 1328 952 1392 b.
981 1347 1007 1390 c.
1035 1325 1140 1406 2,19.
1170 1328 1214 1391 ad
1235 1329 1405 1390 extremum

260 1432 428 1516 „zuletzt“
452 1430 519 1496 eie.
545 1429 692 1510 111112,
716 1428 767 1492 70.
805 1426 876 1493 Cat.
900 1427 932 1509 3,
955 1429 986 1492 5.
1023 1427 1105 1492 1111).
1129 1427 1167 1492 Ρ.
1193 1427 1242 1492 14.
1265 1449 1299 1490 1.
1322 1425 1354 1490 d.
1379 1429 1404 1505 l,

259 1537 312 1600 34.
343 1533 385 1600 ad
406 1532 471 1613 Qu.
495 1531 533 1598 fr.
558 1532 585 1604 1,
611 1531 627 1594 1
651 1533 683 1612 ξ.
705 1529 748 1592 46
764 1527 1036 1612 („sehliesslich“,
1059 1530 1103 1593 im
1125 1527 1243 1612 Briel).
1274 1527 1402 1592 Livius:

261 1639 305 1704 ad
325 1631 800 1714 1111111111,,1111111“3,23.
837 1631 881 1695 od
901 1632 1048 1697 nltimam
1071 1634 1098 1714 1,
1121 1632 1173 1696 33.
1204 1631 1324 1696 5354.
1355 1629 1403 1713 28,

261 1739 312 1802 28.
341 1738 392 1816 39,
415 1737 457 1800 43
481 1733 582 1816 (diter
609 1732 692 1797 auch
721 1732 774 1796 bei
800 1731 947 1816 Curtius,
979 1731 1053 1799 val.
1075 1733 1166 1799 Max.
1195 1731 1264 1798 und
1292 1733 1404 1798 beson-

261 1841 336 1904 ders
365 1839 417 1903 bei
446 1835 615 1919 Lectanu).
651 1834 707 1912 31,
738 1834 778 1898 15
805 1835 849 1898 acl
870 1839 1063 1916 poemenem
1091 1835 1168 1919 (wie
1195 1834 1281 1900 Just.
1312 1837 1347 1913 1,
1374 1834 1402 1898 2.

261 1937 486 2024 361111).
516 1938 555 2017 3,
581 1936 621 1999 22
649 1937 693 2000 acl
719 1937 801 2000 diem
828 1935 1057 2020 praestitutum
1084 1946 1254 2001 venerunt.
1291 1936 1343 2016 23,
1365 1935 1401 2000 21

261 2040 459 2128 stipendium
482 2037 525 2102 ad
547 2036 633 2102 diem
663 2035 769 2104 datur.
797 2073 837 2084 -
865 2037 981 2102 Cicero
1010 2047 1084 2122 segt
1112 2059 1224 2122 sogar:
1254 2037 1400 2118 111.5,1

262 2151 372 2230 itaque
395 2143 579 2222 adtemptat
606 2137 678 2224 (nur
698 2138 908 2204 bestimmten
930 2139 1017 2221 Zeit)
1043 2138 1087 2203 ad
1110 2138 1262 2204 Pisonem
1286 2161 1401 2204 omncs.

262 2243 425 2310 Dasselbe
457 2241 543 2306 bfter
575 2239 644 2305 und
675 2239 760 2304 nach
792 2239 859 2305 ihm
892 2241 968 2306 Liv.
999 2244 1033 2322 1,
1063 2242 1092 2306 7.
1128 2241 1185 2322 38,
1214 2241 1266 2306 25.
1317 2239 1404 2325 „Aul

171 2343 184 2350 ’
263 2347 390 2432 menige
405 2345 519 2429 Tage“
541 2342 660 2407 heisst:
684 2341 727 2406 ad
749 2363 870 2429 paucos
894 2342 964 2408 dies
987 2341 1054 2408 Cic.
1079 2341 1164 2428 legg.
1187 2344 1217 2422 2,
1239 2343 1271 2407 6.
1316 2341 1404 2425 ,,Α11

265 2449 371 2532 einige
387 2447 487 2512 Zeit“
510 2443 553 2508 ad
575 2443 740 2531 quoddam
764 2453 891 2530 tempus
907 2442 998 2508 Lael.
1015 2443 1046 2508 8.
1084 2445 1177 2525 „Aul
1190 2443 1296 2508 kurze
1311 2443 1402 2508 Zeic‘

263 2549 306 2614 ad
335 2549 435 2613 breve
463 2556 592 2632 tempus
619 2544 704 2611 Plin.
733 2545 764 2610 h.
792 2568 824 2611 n.
854 2545 912 2627 23,
941 2546 971 2629 7,
999 2546 1051 2612 63.
1101 2546 1197 2630 „suf
1221 2545 1276 2612 ein
1304 2545 1401 2612 Jahr‘

264 2651 307 2716 ad
330 2672 450 2717 annum
474 2646 740 2732 011.Α11.5,2,
765 2650 794 2711 l.

349 2753 453 2838 Sognr
479 2759 559 2814 statt
586 2750 674 2814 intra
702 2748 788 2814 steht
816 2751 861 2816 ad
887 2749 941 2814 bei
969 2748 1038 2815 Cic.
1068 2749 1165 2814 Tmo.
1196 2753 1224 2832 1,
1250 2751 1292 2816 37
1316 2752 1344 2816 si
1364 2749 1402 2816 ad

265 2855 376 2920 decem
400 2852 491 2918 milia
511 2873 669 2916 annorum
684 2861 814 2936 gentem
835 2849 978 2937 aliquam
998 2853 1080 2917 urbe
1101 2861 1212 2918 nostra
1233 2855 1402 2940 potituram

265 2966 385 3044 putem.
415 2956 487 3019 Att.
513 2953 562 3034 12,
584 2953 627 3018 46
649 2952 691 3018 ad
714 2952 827 3018 decem
848 2975 959 3018 annos.
988 2953 1019 3034 2,
1045 2954 1081 3018 17
1106 2952 1148 3020 ad
1169 2975 1271 3020 annos
1295 2955 1364 3020 DC.

349 3055 415 3122 Die
443 3053 673 3139 Ausdehnung
701 3056 758 3119 der
787 3053 968 3141 Handlung
999 3056 1062 3121 bis
1099 3079 1148 3121 nn
1182 3057 1294 3122 einer
1320 3057 1403 3122 Zeit

267 3157 351 3225 wird
374 3160 406 3222 in
430 3154 607 3241 folgenden
630 3153 752 3220 Stellen
775 3154 982 3239 bezeichnet,
1012 3156 1135 3223 welche
1160 3168 1241 3224 statt
1263 3157 1402 3224 (111111-

266 3260 350 3348 gabe
371 3257 430 3322 der
451 3258 526 3322 Zeit
545 3257 710 3343 diejenige
731 3257 820 3323 eines
843 3258 1075 3324 Zustandes
1098 3259 1280 3324 euthalten:
1306 3260 1401 3326 Plaut

265 3361 343 3429 Aul.
366 3361 397 3442 2,
419 3362 452 3443 5,
476 3359 517 3424 10
536 3381 640 3446 usque
662 3361 706 3425 ad
727 3360 833 3424 ravim
856 3382 998 3448 poscam.
1028 3361 1103 3428 Ter.
1123 3361 1254 3427 Phorm.
1277 3363 1309 3445 2,
1324 3361 1403 3446 2,13

267 3463 502 3531 deverberasse
523 3483 626 3547 usque
648 3461 692 3526 ad
713 3483 835 3526 necem.
872 3463 937 3528 Ad.
962 3465 990 3546 1,
1012 3464 1043 3546 2,
1068 3463 1109 3528 10
1130 3463 1289 3529 mulcavit
1309 3485 1403 3550 usqne

189 3651 192 3658 .
266 3568 309 3632 ad
343 3573 488 3630 mortem.
526 3563 592 3627 Oic.
626 3563 721 3628 Verr.
749 3566 779 3646 3,
807 3565 849 3629 29
882 3565 984 3650 virgis
1021 3576 1052 3632 te
1085 3563 1127 3630 ad
1161 3587 1274 3632 necem
1306 3565 1402 3632 caedi.

267 3671 298 3753 2,
321 3670 364 3734 35
385 3665 429 3731 ad
450 3665 611 3730 insaniam
635 3669 855 3755 concupierat.
893 3667 983 3732 Lael.
1006 3667 1028 3732 5
1049 3690 1154 3754 neque
1175 3666 1210 3734 id
1232 3669 1277 3733 ad
1299 3667 1401 3734 vivum

267 3791 387 3836 reseco.
419 3767 499 3832 Hor.
523 3777 582 3832 111.
608 3771 637 3852 1,
660 3768 691 3851 2,
714 3770 754 3832 41
783 3767 921 3855 flagellis
950 3771 992 3834 ad
1021 3779 1156 3834 mortem
1181 3791 1307 3836 caesus.
1336 3769 1400 3834 Liv.

268 3874 321 3952 24,
350 3870 391 3935 38
421 3870 567 3936 incautos
596 3869 638 3934 ad
668 3873 849 3936 satietatem
878 3871 1094 3938 trucidabitis.
1128 3871 1214 3938 Plin.
1241 3871 1272 3936 b.
1299 3895 1330 3936 1.
1360 3871 1401 3952 10,

267 3974 320 4056 33,
343 3971 385 4036 49
407 3971 450 4036 ad
472 3971 614 4036 cinerem
638 3972 790 4038 ambusti.
825 3973 903 4038 Tac.
925 3995 1000 4039 ann.
1028 3977 1062 4039 11
1068 4022 1079 4055 ,
1100 3974 1141 4038 37
1163 3974 1207 4038 ad
1228 3973 1402 4040 miseratio·

267 4098 343 4142 nem
365 4073 475 4141 evicta
496 4083 557 4140 est.
588 4075 638 4158 15,
653 4075 695 4140 23
709 4073 752 4138 ed
767 4075 906 4141 informe
927 4098 982 4141 aes
1004 4075 1188 4164 liquefacta.
1218 4075 1307 4143 Suet.
1323 4075 1402 4142 Nem

269 4178 311 4243 26
333 4198 435 4265 prope
458 4175 501 4240 ad
524 4197 637 4240 necem
660 4197 782 4242 caesus.
818 4177 914 4243 Dom.
938 4179 958 4242 8
980 4177 1084 4264 virgis
1107 4178 1150 4244 ad
1172 4199 1284 4244 necem
1305 4175 1401 4244 caedi.

268 4315 311 4328 -
332 4278 388 4344 An
408 4279 573 4361 infinitum
599 4287 665 4343 erst
694 4278 739 4342 im
766 4277 932 4344 silberncn
953 4280 1072 4346 Letein
1100 4281 1158 4346 des
1179 4279 1306 4346 tlteren
1325 4278 1401 4344 Plin.

269 4379 339 4446 und
363 4377 557 4460 Qulntilian,
588 4379 642 4445 die
669 4380 748 4444 aber
774 4380 858 4447 auch
884 4383 921 4446 in
947 4381 1163 4468 gebrauchen.
1213 4379 1402 4449 Aebnlicbes

273 4483 318 4548 ist
340 4480 442 4548 echon
463 4493 559 4548 nster
580 4483 636 4550 Nr.
664 4485 691 4567 l,
715 4481 747 4550 S.
770 4483 833 4550 533
855 4485 1013 4550 erwa'hnt.
