3034 5142
555 407 786 472 -273-

5 621 6 630 ,
119 557 147 622 in
166 556 219 621 der
239 556 490 642 Gegenwart,
513 557 597 622 ohne
620 560 696 623 dass
720 559 817 624 dabei
840 559 898 623 das
915 561 1053 624 Kiinnen
1069 559 1242 644 geleugnet

5 639 6 682 ³
118 658 203 722 wird:
231 657 295 725 Cic.
319 659 416 723 Tuse.
442 661 468 740 1,
492 659 544 742 34,
568 659 610 726 84
624 682 753 746 possem
777 659 864 724 idem
887 660 994 725 facere
1019 660 1102 743 (scil.
1126 662 1153 724 si
1175 659 1241 724 vel-

117 756 185 843 lem;
216 762 270 824 sed
293 782 356 824 non
378 760 488 842 facio).
518 760 603 825 Phil.
625 762 657 844 3,
684 763 731 843 11,
754 763 796 827 28
824 763 908 826 hanc
935 783 1014 828 vero
1043 762 1241 827 teterrimam

116 856 229 925 beluam
250 863 322 948 quis
344 861 430 925 ferre
452 871 563 948 posset
579 865 639 944 (sc.
655 863 683 926 si
700 861 824 948 vellet).
858 861 920 928 Mit'
936 863 1240 949 Bodingungssatz:

5 997 6 1030 1
116 960 173 1025 div.
192 962 221 1042 2,
246 963 288 1026 46
315 963 434 1050 quodsi
466 965 546 1028 haec
575 974 664 1028 astro
692 964 884 1049 ingenerata
914 974 947 1029 et
973 964 1095 1030 tradito
1124 974 1240 1044 essent,

5 1141 6 1144 Ἴ
114 1062 191 1138 nulla
210 1085 260 1128 res
283 1085 320 1129 ea
343 1074 469 1129 mutare
491 1075 612 1152 posset.
637 1103 675 1113 -
700 1065 793 1130 Sall.
823 1066 895 1134 Cat.
920 1068 937 1131 7
965 1087 1144 1132 memorare
1166 1089 1241 1152 pos·

114 1187 185 1242 sem,
213 1167 329 1251 quibus
360 1167 395 1229 in
422 1166 503 1231 locis
532 1187 701 1231 maxumas
729 1166 871 1234 hostium
899 1169 1010 1254 copias
1037 1167 1178 1255 populus
1201 1168 1241 1232 R.

104 1286 201 1350 porra
219 1290 317 1332 rnanu
339 1267 464 1333 fuderit
478 1305 519 1315 -
534 1269 567 1331 ni
590 1291 630 1332 en
650 1291 702 1332 res
725 1267 853 1354 longius
876 1291 936 1332 nos
959 1271 1000 1331 ab
1023 1269 1154 1354 incepto
1177 1277 1240 1332 tra-

112 1367 201 1431 heret.
243 1369 339 1457 Nep.
370 1371 419 1451 15,
447 1371 479 1451 4,
509 1370 529 1432 6
557 1369 697 1456 plurima
730 1369 860 1456 quidem
889 1369 1034 1455 proferre
1062 1391 1241 1456 possemus,

112 1469 159 1533 sed
181 1470 292 1535 modus
316 1470 523 1536 adhibendus
547 1485 606 1537 est.
652 1470 799 1536 Seitener
822 1472 866 1535 ist
882 1468 1006 1553 possem
1028 1473 1080 1536 ein
1102 1471 1241 1536 Poten-

111 1569 211 1634 tialis
233 1571 304 1636 der
328 1571 676 1658 Vergangenhoit:
701 1573 768 1638 Cio.
783 1571 850 1635 div.
866 1573 898 1653 2,
914 1573 944 1652 9,
959 1573 1002 1635 24
1024 1583 1121 1657 atque
1144 1575 1240 1636 etiam

110 1693 222 1736 ‹unnem
245 1673 387 1738 fructum
423 1676 512 1739 vitae
547 1675 723 1761 superioris
758 1673 988 1760 perdidissent.
1040 1672 1128 1753 Quid
1156 1673 1240 1736 enim

110 1785 207 1858 posset
228 1776 268 1839 iis
293 1797 365 1840 esse
386 1774 506 1840 laetum
530 1779 638 1840 exitus
662 1798 737 1840 suos
759 1775 1006 1860 cogitantibus?
1028 1776 1126 1839 'l'use
1144 1778 1171 1856 1,
1187 1776 1240 1858 36,

109 1875 143 1939 38
170 1877 231 1940 dici
259 1887 369 1942 autem
393 1876 454 1943 hoo
476 1879 510 1941 in
533 1887 566 1942 te
588 1879 668 1942 satis
698 1877 862 1943 subtiliter
884 1899 950 1942 uon
971 1886 1096 1963 potest;
1131 1887 1242 1962 posset

109 1976 136 2038 in
156 1977 342 2065 Tarquinio,
366 2001 438 2042 cum
461 2001 562 2064 regno
586 1989 673 2044 esset
695 1979 862 2066 expulsus.

182 2079 272 2146 Noch
295 2084 442 2165 weniger
462 2080 663 2166 gebrauchte
690 2103 765 2146 man
782 2082 940 2164 potuerim
966 2079 1015 2144 als
1039 2079 1240 2146 Potentialis.

108 2179 354 2267 Nachgewiesen
383 2184 427 2247 ist
454 2205 516 2246 nur
543 2184 634 2247 eine
657 2180 757 2248 Stelle
785 2181 852 2246 und
885 2205 971 2246 zwar
1000 2183 1061 2246 mit
1087 2183 1241 2263 forsitan:

107 2282 194 2348 Tusc.
216 2285 247 2366 3,
273 2285 325 2366 17,
348 2285 390 2349 36
414 2307 496 2372 quse
520 2285 633 2368 (=ea,
658 2283 727 2350 scil.
751 2282 895 2370 fortuna)
919 2283 1100 2370 pervellere
1121 2292 1154 2348 te
1177 2283 1241 2348 for-

106 2385 179 2448 sitan
205 2386 351 2470 potuerit
379 2395 411 2451 et
438 2407 600 2472 pungere,
632 2407 697 2450 non
724 2385 830 2472 potuit
857 2396 944 2451 certe
968 2387 1056 2450 vires
1079 2387 1240 2470 frangere.

106 2483 139 2548 In
159 2487 236 2551 zuei
258 2487 404 2553 anderen
428 2485 563 2571 Stellen,
587 2488 641 2552 die
662 2487 762 2551 Aken
788 2487 939 2570 anftthrt,
969 2487 1054 2552 steht
1077 2488 1136 2551 der
1158 2489 1241 2552 (lon-

102 2587 222 2672 junctiv
243 2591 290 2655 im
314 2588 519 2654 Nebensatz:
544 2589 638 2654 Verr.
660 2590 693 2672 5,
715 2589 768 2672 30,
792 2589 842 2653 75.
866 2611 897 2652 n.
921 2589 952 2652 d.
976 2590 1007 2670 2,
1030 2589 1083 2670 34,
1106 2590 1156 2655 87.

179 2691 341 2777 Dagegen
369 2691 413 2756 ist
436 2690 547 2775 haufig
569 2693 756 2773 potuissem,
785 2689 983 2764 nemontlich
1005 2691 1038 2754 in
1065 2695 1240 2774 negativen

105 2790 216 2856 Sttzen
236 2792 308 2857 und
331 2794 366 2856 in
389 2791 520 2877 Fragen
542 2793 601 2856 mit
623 2791 990 2876 negativer.Tendenz:
1024 2791 1093 2858 Cic.
1116 2792 1149 2856 in
1173 2792 1240 2855 Pis.

104 2891 139 2955 29
164 2895 216 2980 qui
245 2896 274 2959 si
305 2893 424 2959 fuisset
450 2930 492 2942 -
520 2892 654 2959 meliore
683 2891 827 2972 fortuna,
862 2892 1000 2957 fortasse
1026 2893 1187 2956 austerior
1209 2903 1241 2958 et

103 2999 225 3076 gravior
246 3015 321 3061 esse
345 2995 514 3081 potuisset.
541 3017 574 3081 p.
596 2991 668 3058 Mil.
689 2993 731 3057 28
759 3015 900 3080 quonam
928 2993 1024 3059 modo
1047 3015 1085 3058 ea
1106 3003 1164 3057 aut
1185 2993 1240 3058 de-

103 3094 213 3178 pellere
235 3097 429 3185 potuissetis
450 3107 508 3161 aut
530 3096 640 3162 ferre?
662 3094 746 3160 Phil.
762 3096 793 3178 2,
813 3096 851 3160 14
866 3095 986 3160 etenim
1002 3117 1085 3182 quae
1100 3117 1152 3161 res
1167 3117 1240 3181 ege·

103 3199 171 3263 stati
193 3211 225 3264 et
247 3199 318 3265 aeri
341 3198 449 3263 alieno
471 3209 528 3263 tuo
550 3235 591 3246 —
614 3197 789 3263 subvenire
811 3196 996 3285 potuisset?
1020 3220 1070 3285 cp.
1086 3198 1126 3263 27
1142 3197 1240 3262 urbes

103 3308 130 3362 ct
149 3323 248 3385 regna
271 3300 422 3366 celeriter
449 3309 541 3366 tanta
569 3299 715 3388 nequitia
743 3301 902 3365 devorare
927 3299 1098 3386 potuisset.
1132 3302 1187 3365 off.
1209 3301 1240 3381 2,

102 3399 119 3462 3
143 3423 247 3490 neque
275 3403 363 3468 enim
391 3400 590 3468 valetudinis
618 3404 743 3466 curatio
771 3421 876 3488 neque
904 3402 1072 3486 navigatio
1100 3439 1141 3449 —
1170 3404 1241 3466 sine

102 3498 260 3570 hominum
284 3527 384 3592 opera
405 3504 474 3569 ulla
496 3525 567 3569 esse
590 3504 760 3591 potuisset.
780 3505 811 3586 3,
834 3505 876 3568 28
903 3503 983 3589 quid
1006 3513 1116 3569 autem
1137 3505 1239 3569 iratus

102 3600 223 3690 Jupiter
245 3608 320 3695 plus
342 3627 460 3672 nocere
482 3606 641 3694 potuisset
663 3628 759 3694 quam
777 3606 889 3672 nocuit
903 3604 967 3669 sibi
983 3605 1053 3692 ipse
1069 3604 1239 3691 Regulus?

101 3701 128 3786 2,
147 3707 167 3770 4
187 3709 286 3774 urbes
309 3730 388 3774 vero
410 3698 480 3773 sine
502 3708 672 3774 homiuum
698 3718 792 3774 coetu
815 3728 880 3771 non
902 3708 1084 3794 potuissent
1105 3729 1166 3771 nee
1188 3729 1240 3772 ae-

102 3804 221 3874 dificari
244 3833 305 3876 nec
328 3811 537 3898 frequentari.
561 3809 659 3875 Tuso.
681 3811 711 3891 5,
734 3810 754 3872 2
777 3808 856 3896 quid
879 3831 945 3874 non
965 3810 1063 3876 modo
1087 3832 1160 3886 nos,
1182 3811 1240 3875 sed

102 3911 223 3978 omnino
253 3914 324 3978 rita
352 3912 519 3978 hominum
547 3914 617 3977 sine
646 3921 678 3976 te
709 3932 782 3976 esse
803 3911 988 3995 potuisset?
1031 3910 1121 3976 Lael.
1143 3914 1175 3994 3,
1202 3916 1238 3978 11

102 4013 174 4095 quid
195 4013 299 4099 igitur
321 4015 408 4080 huno
430 4036 608 4100 paucorum
631 4035 790 4080 annorum
812 4014 956 4078 accessio
980 4013 1094 4077 iuvere
1116 4016 1239 4100 potuis·

102 4111 167 4175 set?
189 4136 219 4179 n.
244 4115 277 4180 d.
299 4118 331 4200 2,
354 4117 395 4181 57
418 4119 491 4203 quis
514 4137 593 4182 vero
618 4117 731 4203 opifex
759 4125 888 4204 praeter
914 4123 1065 4178 naturam
1098 4154 1139 4164 -
1167 4125 1239 4181 tan-

102 4223 161 4277 tam
183 4215 361 4282 sollertiam
384 4218 535 4306 persequi
558 4219 718 4305 potuisset
740 4221 774 4283 in
789 4215 963 4282 sensibus?
987 4216 1054 4282 div.
1070 4219 1099 4299 2,
1115 4219 1136 4282 5
1150 4216 1240 4284 nulla

103 4317 181 4380 enim
202 4329 274 4384 arte
295 4318 362 4384 alia
389 4318 424 4383 id
451 4341 512 4384 nec
535 4321 698 4407 sapientia
720 4321 805 4384 scire
826 4320 995 4406 potuisset.
1030 4318 1107 4382 fam.
1133 4321 1184 4402 15,
1207 4322 1239 4404 4,

105 4417 139 4478 14
156 4419 205 4485 his
230 4441 291 4505 ego
314 4421 471 4487 subsidiis
494 4443 624 4487 essum
648 4432 856 4504 consecutus,
878 4443 959 4509 quae
982 4420 1080 4486 nullis
1104 4421 1238 4508 legioni·

102 4514 158 4584 bus
178 4525 333 4612 consequi
355 4524 544 4614 potuissem.
