3050 5146
668 393 942 462 “-188-

257 567 332 636 tem,
356 556 434 636 quid
455 555 613 616 immanes
642 573 775 638 campos
804 549 883 616 sella
906 548 1009 615 curuli
1033 552 1231 636 victorisque
1258 543 1397 632 vestigio

257 657 425 743 premere?
454 657 489 740 (i.
513 677 539 720 e.
565 653 700 738 magnii.
729 663 778 718 est
805 653 869 718 civ.
897 653 970 717 iura
996 650 1258 737 reddere,'quid
1287 671 1398 715 censes

257 757 428 822 hostibus?
450 778 556 822 nonne
579 753 841 840 magnificentius
864 755 948 835 cst‘l)
987 753 992 764 '

343 859 374 923 b.
398 857 522 921 Nicht
550 865 825 939 congruentes
849 853 1111 920 Verhttltniss
1141 853 1174 917 in
1197 852 1399 940 elliplisehen
1517 844 1518 869 ¹

258 960 598 1044 Bedingungsstttzen,
620 957 769 1040 hb'uligcr
791 958 824 1020 in
840 955 1101 1021 Relativstttzcn:
1125 954 1191 1021 Cic.
1215 953 1283 1020 div.
1298 947 1344 1035 Ι2,
1368 955 1401 1018 18

259 1069 317 1126 aut
338 1061 440 1144 igitur
462 1082 526 1124 non
549 1059 617 1124 fato
640 1061 764 1124 interiit
787 1059 967 1140 exercitus,
998 1059 1117 1123 mutari
1139 1057 1225 1122 euim
1247 1055 1318 1122 fata
1342 1079 1401 1122 non

260 1171 417 1249 possunt3
449 1170 520 1242 aut,
547 1163 576 1225 si
600 1162 669 1242 fato
699 1197 736 1207 —
768 1161 864 1223 ctiam
894 1160 921 1222 si
951 1159 1209 1246 obtemperasset
1235 1159 1402 1245 auspiciis,

259 1262 346 1329 idem
369 1273 561 1329 eventurum
584 1261 712 1326 fuisset.
757 1261 848 1324 Aber
869 1260 1124 1348 hcine-Ellipse‚
1148 1259 1290 1327 sondcrn
1307 1261 1400 1324 Con·
1519 1288 1520 1350 p

262 1365 444 1432 traction
466 1362 545 1448 licgt
567 1366 600 1429 in
623 1363 754 1442 Siilzen,
778 1363 840 1427 wie
863 1360 931 1427 Cic.
946 1361 1037 1427 Lucl.
1060 1363 1080 1425 2
1099 1363 1128 1426 si
1143 1363 1329 1448 quisquam,
1355 1360 1404 1425 ille
1519 1355 1520 1408 l

261 1468 391 1554 sapiens
420 1465 493 1535 fuit.
515 1502 558 1514 -
587 1464 625 1529 ln
648 1464 986 1529 Relativsstzen:
1016 1476 1100 1550 post.
1124 1463 1191 1528 red.
1215 1464 1249 1527 in
1271 1485 1344 1527 sen.
1369 1461 1405 1526 10

260 1579 299 1634 111
320 1568 457 1634 heberet
479 1587 590 1632 omnes
613 1565 761 1630 Metellos
784 1587 888 1653 paene
910 1589 951 1631 ex
968 1565 1154 1631 Acheronte
1177 1567 1350 1644 excitatos,
1373 1566 1403 1627 iu

262 1672 374 1754 quibos
389 1667 595 1734 Numidicum
619 1666 720 1731 illurn.
759 1666 913 1732 Ovium.
939 1668 988 1748 13,
1014 1667 1072 1730 164
1096 1666 1271 1751 deceperat
1292 1687 1403 1730 omncs

262 1776 294 1838 in
323 1771 441 1858 quibus
465 1770 619 1850 Aiacem,
650 1777 799 1852 sumptae
827 1767 959 1832 fallacia
986 1769 1098 1834 vestis.
1147 1766 1232 1832 Vell.
1257 1770 1286 1848 l,
1313 1767 1405 1849 17,5

263 1873 357 1938 huius
382 1869 607 1936 similitudinis
630 1891 744 1935 sarisas
768 1891 841 1934 cum
857 1891 984 1956 semper
1006 1872 1149 1956 requiro,
1172 1891 1339 1956 nunquam
1363 1891 1405 1932 re·
1521 1927 1522 1962 3

264 1975 354 2061 perio
378 1993 459 2060 quas
483 1993 555 2038 esse
577 1993 671 2036 veras
695 1971 864 2048 confidam,
888 1973 945 2035 sed
969 1971 1106 2036 fortasse
1128 1970 1324 2035 verisimiles
1350 1973 1405 2052 (sc.

265 2077 415 2162 reperio),
438 2077 519 2139 inter
542 2093 622 2156 peras
644 2071 702 2136 has
726 2071 875 2136 maxime.
908 2071 998 2138 Suet.
1016 2073 1088 2138 Oct.
1105 2073 1146 2136 29
1163 2071 1295 2157 publica
1309 2093 1407 2160 opera

264 2176 404 2264 plurima
426 2175 601 2257 exstruxit,
624 2195 661 2240 uc
683 2175 796 2258 quihus
819 2174 868 2238 vel
893 2174 1069 2261 praecipua
1095 2174 1202 2239 forum
1231 2195 1305 2238 cunr
1329 2173 1406 2238 aedo

266 2278 382 2343 Martis
411 2287 467 2342 ctt.
491 2277 586 2342 Caes.
616 2277 658 2340 50
684 2276 823 2339 feminas
852 2277 1052 2362 corrupisse,
1080 2277 1114 2340 in
1142 2276 1260 2361 quibus
1291 2275 1407 2340 Postu·
1522 2341 1523 2344 ,

266 2381 365 2444 uriam
387 2387 445 2444 ctt.
468 2379 510 2442 52
532 2377 649 2442 dilexit
671 2387 703 2442 et
724 2379 866 2461 reginas,
889 2379 975 2443 inter
996 2399 1076 2463 quas
1100 2377 1249 2442 Eunoen.
1272 2399 1408 2461 gramm.

269 2482 309 2546 10
330 2479 536 2566 praecepisse
559 2488 667 2544 autem
696 2478 806 2552 multis
830 2517 871 2528 -
894 2481 926 2542 in
955 2479 1072 2566 quibus
1094 2480 1205 2565 Appio
1228 2499 1357 2565 quoque
1379 2487 1410 2542 et

267 2581 407 2647 Pulchro
431 2577 589 2644 Claudiis.
635 2579 713 2644 Tac.
738 2581 770 2644 h.
796 2582 824 2662 l,
847 2581 887 2645 88
911 2580 1029 2646 multos
1055 2619 1089 2628 -
1121 2603 1231 2645 secum
1254 2581 1408 2666 expedire
1523 2641 1524 2650 ,

251 2682 375 2762 iubet,
404 2681 533 2767 inquis
557 2682 648 2745 eth.
671 2679 851 2746 Vitellium.
896 2683 1043 2748 Seltoner
1069 2681 1138 2748 und
1160 2681 1248 2746 wohl
1275 2705 1338 2746 nur
1359 2681 1410 2746 hei

267 2781 562 2848 nachklassischon'
573 2781 829 2848 Schrillstcllern
853 2783 896 2848 ist
909 2783 979 2849 hier
995 2784 1052 2850 der
1067 2781 1252 2868 elliptische
1268 2783 1408 2848 Relatis·

268 2895 338 2950 satu
367 2882 507 2950 in'dcn
536 2885 769 2969 Hauptsatz
799 2907 841 2949 so
870 2885 1182 2969 eingeschobcn,
1219 2883 1313 2950 dass
1344 2885 1409 2948 das

268 2985 441 3052 Verbum
464 2985 481 3048 f
485 2985 585 3070 olgt:
610 2986 690 3050 Liv.'
699 2987 753 3066 29,
776 2987 818 3052 25
841 2987 983 3073 quinque
1006 2997 1039 3053 et
1052 2986 1272 3072 quadraginta
1287 2986 1410 3050 dierum

269 3088 405 3172 cibaria,
429 3110 446 3150 c
469 3085 587 3173 quibus
610 3086 794 3174 quindecim
810 3088 935 3154 dierum
953 3097 1056 3169 cocta,
1079 3090 1241 3176 imposita.
1280 3085 1365 3152 Vell.
1380 3087 1411 3166 2,

272 3191 322 3270 19,
348 3192 361 3252 1
392 3197 541 3252 auctores
569 3211 726 3253 noverum
755 3191 1033 3278 pessimorumque
1062 3212 1185 3271 rerum,
1219 3191 1305 3256 inter
1332 3211 1412 3274 quos

186 3373 190 3380 ι
270 3291 411 3357 hlarium
440 3311 513 3352 eum
542 3287 607 3354 filio
631 3299 663 3353 et
685 3291 721 3354 P.
745 3290 908 3377 Sulpicio,
938 3294 1018 3358 urbe
1046 3291 1247 3358 exturbavit.
1280 3291 1355 3354 Tac.
1380 3289 1412 3352 h.

270 3395 301 3472 4,
327 3391 362 3455 71
400 3389 619 3454 nobilissimos
653 3390 846 3476 Belgarum,
885 3395 921 3458 in
953 3394 1025 3480 quis
1054 3392 1170 3458 ducem
1192 3391 1412 3470 Valentinum,

271 3495 369 3580 cepit.
390 3527 434 3541 -
461 3491 500 3555 In
529 3479 602 3554 deul
630 3492 966 3578 nuchfolgcnden
995 3493 1252 3580 Hauptsatzc
1282 3493 1325 3558 ist
1352 3491 1411 3556 das

272 3594 437 3673 Prudieat,
461 3593 510 3657 oft
532 3594 590 3658 mit
612 3593 694 3659 noch
717 3595 858 3662 anderen
883 3594 1100 3676 Satztheilen,
1129 3617 1188 3660 aus
1212 3597 1315 3660 einem
1339 3617 1411 3658 ver-

271 3694 500 3784 aulgehenden
528 3694 736 3760 Ncbensatze
766 3718 806 3761 zu
836 3707 1014 3782 erghnnen:
1046 3695 1115 3763 cic.
1139 3697 1238 3762 Tusc.
1261 3697 1292 3778 4,
1317 3695 1411 3759 12111

272 3807 350 3863 sunt
372 3795 427 3862 alii
450 3795 493 3860 ad
516 3795 597 3860 alios
620 3796 750 3863 morbos
773 3799 984 3885 procliviores
1008 3839 1045 3848 -
1070 3801 1115 3864 sic
1137 3797 1192 3862 alii
1217 3797 1260 3863 ad
1283 3807 1411 3876 motum,

273 3897 328 3962 alii
352 3896 514 3961 adoliam
538 3895 829 3983 perturbationem.
852 3923 902 3986 cp.
921 3903 959 3966 13
975 3899 1136 3988 quomodo
1159 3910 1267 3965 arrtcm
1290 3900 1320 3965 in
1342 3918 1412 3960 cor-

273 4019 353 4087 pore
375 4007 424 4062 ost
452 3998 601 4078 morbus,
632 4008 681 4064 est
708 4001 906 4084 aegrotatio,
934 4013 985 4068 est
1006 4003 1139 4082 vitium,
1168 4005 1214 4067 sic
1240 4003 1274 4066 in
1296 3999 1411 4063 animo.

274 4101 325 4165 lb.
348 4105 379 4182 ξ.
402 4100 445 4164 30
466 4109 564 4186 atquc
587 4102 680 4166 utin
702 4101 796 4166 malis
819 4104 950 4186 attingit
973 4107 1073 4190 opimi
1095 4112 1248 4170 naturam
1270 4100 1411 4184 corporis

275 4201 465 4282 similitudo,
488 4206 532 4266 sic
547 4205 579 4267 in
597 4205 699 4268 bonis.
723 4203 776 4268 off.
799 4206 829 4283 3,
856 4205 893 4269 13
908 4206 1038 4290 quodsi,
1061 4208 1116 4291 qui
1132 4205 1336 4293 proscribunt
1351 4201 1412 4265 vil-

275 4305 340 4368 lam
362 4305 480 4368 bonam
505 4341 556 4386 —,
579 4327 643 4369 non
663 4307 892 4370 existimentur
914 4305 1081 4389 fefellisse,
1104 4309 1200 4374 11111111)
1223 4310 1331 4382 artinas,
1354 4303 1410 4388 qui

275 4407 405 4472 domum
427 4429 492 4469 non
515 4404 699 4472 laudarunt.
743 4406 828 4472 Phil.
851 4407 882 4490 2,
906 4409 948 4472 25
970 4411 998 4472 si
1020 4415 1052 4473 te
1075 4409 1319 4494 municipiorum
1345 4427 1411 4468 non

276 4507 432 4593 pudebat,
455 4529 494 4572 uc
515 4509 662 4572 veterani
692 4510 814 4591 quidem
843 4510 1028 4575 exercitus?
1072 4508 1244 4592 Quintil.
1265 4509 1295 4588 6,
1316 4507 1345 4588 3,
1368 4506 1411 4568 46
