3070 5146
709 360 940 426 „552-

252 533 284 598 p.
307 510 387 574 vim.
413 547 449 558 -
474 509 569 575 Noch
591 509 740 597 htufiger
762 511 815 578 bei
837 511 1021 577 Tacitus:
1050 513 1131 597 Agr.
1155 511 1176 576 9
1203 511 1400 579 ostentanda

251 612 375 677 virtute
397 618 453 676 eut
474 634 507 699 p.
530 621 645 676 artem.
680 611 719 676 41
751 613 936 679 temeritate
964 624 1021 679 eut
1050 613 1284 700 pignorium.
1320 613 1398 701 vgl.

251 714 358 778 meine
380 711 505 778 schrift
526 711 608 779 tiber
630 711 725 802 Synt.
748 737 780 780 u.
805 714 868 781 Stil
891 715 948 780 des
971 715 1049 780 Tac.
1072 717 1105 797 ξ.
1130 715 1200 782 105.

337 837 429 904 Nech
453 839 712 926 Schcdeberg
732 843 777 906 im
799 841 925 908 Archiv
946 842 970 906 f.
992 841 1110 914 Philol.
1128 841 1145 906 Ι
1160 841 1194 908 S.
1210 843 1275 909 414
1295 866 1400 930 ssgen

253 939 307 1005 die
328 940 492 1008 Juris'ten:
516 941 589 1028 lege
611 964 710 1029 egere
732 951 927 1010 testamento
950 943 1056 1030 (nicht
1064 965 1126 1028 per
1141 945 1401 1032 testamentum),

250 1041 324 1128 lege
346 1063 444 1128 egere
460 1065 520 1127 per
542 1043 661 1110 iudicis
677 1035 937 1133 postulationem,
961 1067 1019 1132 per
1040 1067 1155 1111 manus
1177 1046 1400 1131 iniectionem,

209 1217 213 1226 .
251 1166 310 1232 per
336 1143 589 1227 condictionem,
617 1168 675 1234 per
702 1149 849 1234 pignoris
877 1147 1065 1234 cepionem5
1100 1147 1250 1234 degegcn
1277 1150 1401 1215 wieder

137 1239 141 1265 ¹
250 1247 295 1310 im
317 1246 469 1312 Abletiv:
502 1247 666 1332 vindicta,
700 1269 816 1332 censu,
850 1247 966 1316 celetis
999 1249 1150 1322 comitiis.
1202 1249 1289 1316 Dese
1324 1273 1401 1315 men
1520 1309 1521 1320 .

251 1347 320 1413 sich
347 1348 426 1414 eber
456 1347 509 1415 bei
537 1348 661 1415 diesem
690 1347 778 1416 Usus
807 1350 891 1415 nech
919 1351 1009 1416 einer
1029 1351 1134 1436 Regel
1163 1351 1315 1439 richtete‚
1345 1354 1401 1418 be·
1520 1407 1521 1444 3

251 1448 376 1514 zweifle
396 1448 460 1516 ich.

238 1585 244 1593 '
333 1581 367 1646 4.
399 1576 653 1644 Instmmentale
686 1578 883 1666 Bedeutung
919 1579 978 1647 hat
1005 1602 1066 1665 per
1107 1582 1191 1648 such
1224 1581 1313 1648 wohl
1346 1583 1400 1648 bei

251 1682 320 1747 licet
338 1679 407 1744 und
429 1679 532 1745 demit
551 1681 766 1749 verwandten
781 1682 1012 1750 Ausdrucken.
1049 1682 1114 1749 Per
1135 1705 1184 1748 me
1206 1685 1274 1750 licet
1296 1685 1402 1751 heisst

249 1781 334 1847 eleo:
359 1780 461 1847 durch
484 1781 569 1848 mich
592 1785 676 1848 wind
699 1807 733 1850 es
756 1786 848 1850 nicht
868 1783 1052 1871 gehindert,
1075 1785 1158 1850 wird
1174 1807 1209 1852 es
1230 1796 1401 1872 gestattet.

250 1883 380 1952 Dareus
402 1884 559 1970 gesteltet
581 1884 653 1950 sich
679 1907 747 1952 nun
776 1889 848 1952 eine
876 1885 1127 1972 mannigfaltige
1147 1887 1399 1974 Phreseologie:

249 1985 356 2052 Pleut.
384 1987 479 2052 Asin.
509 1985 589 2072 prol.
621 1987 660 2051 12
688 1988 717 2052 si
744 2008 802 2074 per
831 2009 890 2053 vos
916 1985 1002 2054 licet.
1038 1987 1113 2056 Tor.
1142 1989 1209 2054 Ad.
1240 1991 1269 2072 1,
1295 1990 1330 2075 2,
1358 1991 1400 2054 28

249 2109 324 2153 cum
344 2111 377 2175 p.
400 2097 541 2153 oetatem
563 2087 650 2154 licet.
689 2087 775 2154 Cic..
788 2089 887 2155 Rosc.
909 2091 984 2155 Am.
1006 2089 1049 2154 44
1070 2091 1100 2154 si
1121 2113 1153 2178 p.
1182 2112 1241 2156 vos
1270 2090 1400 2157 licitum

250 2191 322 2266 erit.
367 2188 460 2254 Ohne
483 2190 648 2254 Verbum:
676 2190 731 2254 fin.
754 2191 785 2274 2,
808 2193 850 2256 28
873 2201 1092 2280 consequetur
1113 2213 1258 2258 summes
1281 2191 1399 2280 volup-

249 2302 333 2358 tates
355 2314 421 2356 non
442 2291 539 2357 modo
561 2313 681 2377 parvo,
710 2292 767 2357 sed
796 2315 855 2380 per
877 2315 929 2357 me
952 2293 1262 2381 (,‚meinetwegen“)
1283 2293 1400 2379 nihilo,

248 2394 277 2457 si
299 2403 417 2481 potest.
440 2431 482 2439 -
504 2392 597 2458 Verr.
628 2393 674 2475 ΙΙ,
706 2395 735 2475 1,
767 2393 806 2457 12
836 2415 931 2459 omne
958 2393 1040 2459 illud
1062 2404 1190 2482 tempus
1212 2436 1255 2446 -
1276 2397 1400 2464 habeat

248 2517 306 2581 per
328 2516 379 2558 me
402 2492 543 2559 solutum
566 2517 605 2560 ec
628 2492 777 2562 liberum.
803 2533 841 2543 —-
864 2495 929 2561 Mic
950 2517 1054 2580 posse:
1079 2496 1154 2562 Ter.
1184 2499 1270 2564 Eun.
1302 2503 1336 2582 1,
1367 2499 1398 2582 2,

247 2597 289 2661 32
318 2617 424 2683 neque
458 2595 581 2661 sciebat
614 2618 719 2683 neque
749 2605 780 2682 p.
810 2606 953 2662 aetatem
988 2600 1088 2665 etiam
1114 2609 1277 2686 potuerat.
1314 2599 1398 2666 Cic.

247 2697 326 2763 fam.
357 2699 407 2782 13,
434 2698 488 2780 29,
517 2699 537 2764 3
565 2707 601 2764 ut
628 2700 768 2785 primum
795 2721 827 2786 p.
856 2708 995 2764 aetatem
1026 2700 1185 2766 iudicium
1207 2701 1318 2768 facere
1340 2725 1399 2789 po-

133 2803 134 2806 ’
247 2802 360 2865 tueris.
398 2801 447 2882 16,
475 2801 494 2865 1
525 2821 598 2864 cum
626 2801 802 2886 commode*
825 2809 857 2866 et
884 2825 915 2888 p.
944 2800 1167 2869 valetudinem
1196 2811 1229 2867 et
1256 2826 1288 2890 p.
1318 2805 1399 2868 anni

247 2911 375 2991 tempus
406 2903 564 2986 navigare
595 2904 728 2988 poteris.
767 2925 799 2990 p.
831 2901 927 2968 domo
961 2904 1001 2969 13
1033 2906 1127 2969 cuius
1160 2925 1220 2990 per
1253 2913 1397 2972 aetutem
1520 2903 1521 2936 r

247 3013 339 3090 peter
361 3025 432 3070 esse
454 3005 598 3089 potuisti.
635 3003 745 3070 Caes.
773 3003 805 3068 b.
832 3025 865 3088 g.
894 3005 914 3070 3
959 3005 979 3069 9
1000 3028 1074 3071 cum
1097 3008 1239 3093 primum
1262 3031 1293 3094 p.
1317 3009 1397 3072 enni

246 3113 374 3193 tempus
401 3107 517 3192 potuit.
555 3106 591 3188 7,
620 3106 659 3171 71
688 3109 745 3192 qui
772 3129 805 3193 p.
833 3113 975 3172 aetatem
1009 3128 1102 3173 orme
1133 3107 1220 3174 ferre
1255 3109 1395 3197 possint.

248 3205 337 3292 (Liv.
359 3207 391 3290 3,
412 3206 480 3290 42).
511 3205 591 3273 sall.
614 3207 691 3293 Jug.
714 3207 757 3272 64
778 3206 836 3272 ubi
858 3209 998 3293 primum
1021 3210 1182 3295 potuisset
1202 3232 1236 3294 p.
1260 3211 1398 3298 negotio

245 3306 388 3393 publice.
421 3307 486 3374 Per
506 3329 554 3374 mc
574 3313 638 3375 stat
656 3330 716 3391 „es
736 3307 840 3394 hs'ngt
861 3293 926 3376 voh
946 3311 1009 3374 mir
1024 3308 1103 3393 cb“,
1126 3311 1161 3376 in
1175 3311 1262 3378 elien
1277 3313 1396 3378 Zeiten

245 3409 434 3494 gebraucht.
479 3407 603 3476 Stellen
630 3409 722 3496 giebt
748 3410 870 3478 Klotz
899 3411 982 3476 Lex.
1006 3410 1039 3478 S.
1065 3412 1155 3478 1428.
1179 3451 1220 3461 -
1244 3414 1318 3479 Liv.
1344 3415 1393 3494 10,

245 3511 287 3575 25
301 3511 330 3577 si
339 3532 375 3594 p.
390 3513 584 3602 commodum
597 3513 675 3596 reip.
690 3514 762 3597 fieri
776 3523 894 3598 posset.
929 3513 1091 3580 Dasselbe
1110 3513 1163 3597 22,
1185 3515 1237 3580 51.
1266 3517 1320 3600 31,
1346 3518 1394 3580 11.

245 3613 298 3696 37,
320 3613 370 3678 50.
409 3611 536 3696 (Etwes
559 3614 689 3697 endere,
712 3613 821 3680 model
842 3613 910 3680 und
932 3611 1130 3706 edvepbieli:
1154 3616 1208 3702 30,
1236 3617 1280 3682 29
1308 3619 1393 3683 setin

245 3734 304 3799 per
333 3715 538 3798 commodum
566 3717 675 3780 omnia
702 3714 938 3803 explorassent.
974 3717 1028 3799 42,
1060 3715 1114 3783 18.
1128 3718 1186 3784 ubi
1214 3717 1331 3784 consul
1354 3755 1391 3766 -

147 3895 155 3906 .
246 3816 357 3901 copias
380 3838 412 3901 p.
436 3838 551 3882 comm.
577 3838 741 3904 exponere
764 3821 898 3906 posset).

329 3941 392 4007 Mit
414 3942 633 4029 Negation:
664 3942 732 4010 Cic.
760 3967 852 4032 prov.
880 3967 969 4012 cons.
998 3947 1037 4012 18
1066 3948 1095 4011 si
1122 3947 1203 4012 mihi
1230 3947 1394 4014 nonlicet

246 4061 304 4126 per
326 4041 452 4130 aliquos
473 4045 521 4110 ite
542 4043 686 4130 gloriari.
723 4047 758 4110 in
780 4047 846 4118 Bis.
870 4049 890 4112 8
912 4048 945 4113 id
969 4048 1010 4113 iis
1032 4069 1097 4112 non
1119 4046 1217 4114 licere
1240 4071 1273 4136 p.
1297 4051 1393 4115 inter·

246 4141 333 4208 dicte
355 4144 559 4212 crudelitatis
582 4157 668 4214 tuce.
705 4146 769 4232 leg.
792 4149 880 4214 Man.
906 4150 923 4213 1
947 4171 1020 4214 cum
1052 4159 1150 4214 antea
1171 4171 1231 4238 per
1252 4161 1392 4218 oetatem

246 4244 390 4309 nondum
411 4283 452 4294 —
475 4248 639 4314 cuderem.

330 4369 405 4435 Liv.
420 4373 452 4456 3,
467 4376 505 4439 41
524 4377 602 4446 siin
618 4385 732 4440 senatu
748 4399 779 4463 p.
804 4377 981 4444 factionem
996 4399 1062 4443 non
1076 4376 1185 4444 liceat.
1215 4379 1247 4460 5,
1265 4379 1306 4445 12
1320 4401 1390 4445 cum

246 4467 403 4536 tributum
420 4477 559 4540 conferri
575 4500 608 4563 p.
624 4478 771 4543 tribunos
786 4500 853 4544 non
867 4489 988 4568 posset.
1011 4481 1043 4563 8,
1056 4481 1097 4545 12
1116 4504 1147 4567 p.
1170 4479 1389 4548 valetudinem
1511 4479 1514 4484 ’
