3050 5146
747 353 976 416 -210—

293 507 434 571 Marium
458 529 496 572 ac
519 506 612 584 dein,
643 507 669 569 si
693 503 838 591 placeat,
865 506 1000 570 Romam
1028 501 1153 588 legatos
1176 504 1223 568 ire
1245 505 1350 586 iubet,
1377 529 1420 573 wo

292 608 371 672 kein
392 593 554 674 Praesens
577 605 781 691 vorausgeht.

279 790 282 797 Ι
374 708 535 796 Hauliger
563 707 637 774 sind
661 706 771 773 solche
792 707 1046 774 Abnormittiten
1074 707 1175 773 sehon
1197 707 1251 772 bei
1272 706 1421 788 Livius,

291 833 320 874 a.
343 809 380 874 B.
410 809 481 875 blos
511 811 545 874 in
572 809 635 875 den
663 809 734 875 drei
762 819 869 874 ersten
898 810 1062 874 Btichern:
1098 809 1197 893 1,·50
1223 810 1287 875 ism
1315 831 1423 894 magna

290 909 460 999 Tarquinii
483 913 661 978 auctoritas
684 915 769 976 inter
790 911 983 976 Latinorum
1012 931 1162 998 proceres
1189 920 1276 993 erat,
1306 933 1373 975 com
1393 912 1423 975 in

291 1013 377 1078 diem
402 1023 523 1079 certam
550 1023 588 1078 ut
614 1012 658 1077 ad
685 1010 793 1078 lucum
815 1013 1012 1078 Ferentinae
1039 1013 1227 1078 conveniant
1254 1010 1376 1078 indicit.
1397 1012 1423 1096 2,

288 1114 331 1180 45
358 1116 386 1180 si
414 1113 524 1194 fallat,
557 1114 672 1180 lovem
702 1123 826 1202 patrem
856 1112 1105 1200 Gradivumque
1127 1115 1268 1180 Martem
1288 1112 1424 1200 aliosque
1511 1153 1512 1204 ,

290 1215 390 1281 iratos
413 1217 544 1281 invocat
566 1216 653 1280 deos.
676 1217 708 1299 3,
730 1217 773 1281 52
795 1216 973 1282 decemviri
1001 1216 1130 1282 futuros
1153 1237 1203 1297 se,
1232 1216 1359 1302 quando
1384 1217 1424 1280 ita

290 1316 455 1401 videatur,
478 1319 512 1382 in
534 1327 695 1405 potestate
717 1327 845 1406 patrum
867 1317 1043 1384 affirmant.
1066 1316 1301 1383 Unverandert
1323 1315 1425 1382 behalt
1511 1331 1512 1370 l

247 1505 258 1512 ἢ
292 1441 328 1484 er
350 1417 405 1482 die
426 1428 614 1507 stereotype
636 1418 767 1484 Formel
796 1422 880 1502 quod
906 1421 980 1486 benc
1005 1425 1109 1486 vortat
1130 1417 1199 1484 bei:
1232 1421 1261 1500 l,
1284 1417 1326 1483 28
1347 1416 1425 1505 quod

292 1521 323 1586 b.
349 1544 391 1600 v.,
416 1531 524 1586 castra
545 1520 693 1587 Albanos
723 1521 879 1587 Romanis
908 1521 1025 1587 castris
1053 1522 1188 1607 iungere
1211 1519 1312 1585 iubet.
1340 1521 1369 1600 3,
1388 1517 1425 1582 62

291 1633 462 1709 postquam
486 1623 671 1688 -clamor
697 1631 747 1688 est
775 1621 951 1706 sublatus,
969 1622 1056 1710 quod
1078 1623 1110 1686 b.
1133 1647 1177 1704 v.,
1204 1631 1370 1708 gesturum
1395 1642 1425 1686 sc

290 1723 356 1788 illis
379 1745 500 1789 morem
526 1763 558 1772 -
585 1724 739 1790 affirmat.
775 1723 867 1788 Aber
888 1725 980 1789 dicae
1000 1723 1132 1790 Formel
1154 1724 1273 1789 audent
1294 1745 1332 1788 er
1351 1723 1425 1787 auch

291 1825 393 1908 nicht,
417 1848 511 1891 wenn
534 1828 582 1892 sie
604 1847 679 1891 vom
702 1826 918 1891 Praeteritum
940 1826 1101 1912 abhttngt=
1129 1825 1161 1907 3,
1184 1823 1227 1891 35
1256 1825 1312 1889 ille
1335 1825 1424 1890 enim·
1511 1885 1512 1888 ,

293 1949 386 2012 vero,
408 1927 497 2014 quod
529 1928 559 1992 b.
584 1952 624 2010 v.,
653 1928 840 1993 habiturum
868 1949 905 1992 se
933 1928 1066 1994 comitia
1094 1926 1263 2014 professus
1291 1966 1334 1975 —
1354 1927 1424 1990 arri·

221 2078 227 2088 .
292 2029 372 2116 puit.
417 2034 471 2096 An
493 2029 639 2094 anderen
662 2027 784 2094 Stellen
807 2030 911 2114 gehen
935 2027 1033 2094 sehon
1056 2029 1250 2094 Praesentia
1272 2025 1425 2094 unmittel-

291 2131 351 2195 bar
373 2129 506 2210 vorans,
528 2131 591 2195 wic
616 2132 644 2213 l,
666 2131 719 2212 41,
745 2132 761 2194 1
784 2139 968 2216 comparat;
997 2129 1093 2196 simul
1116 2132 1145 2194 si
1168 2131 1328 2197 destituat
1349 2151 1424 2216 spes,

292 2231 357 2297 alia
379 2232 545 2320 praesidia
565 2231 707 2298 molitur.
732 2253 783 2318 ep.
804 2232 857 2316 54,
880 2233 910 2298 7.
932 2233 985 2316 59,
1008 2233 1038 2298 6.
1061 2233 1092 2315 3,
1119 2233 1168 2315 13,
1191 2233 1220 2296 6.
1244 2253 1294 2320 cp.
1318 2231 1425 2316 26,10.

292 2356 343 2421 cp.
367 2334 420 2411 28,
442 2334 471 2398 2.
505 2355 555 2420 cp.
578 2334 630 2412 35,
656 2335 684 2398 l.
729 2332 779 2397 Im
801 2332 940 2398 Ganzen
969 2334 1044 2399 sind
1072 2336 1152 2400 aber
1179 2334 1233 2400 die
1257 2331 1427 2399 Praelatio

292 2435 347 2501 bei
368 2435 486 2500 Livius
509 2435 543 2499 in
565 2433 630 2499 den
659 2434 947 2520 voraufgehendcn
977 2435 1283 2524 conjunctiviachcn
1306 2435 1427 2501 Nebcn·

294 2547 411 2602 satzen
433 2537 509 2602 weit
530 2535 809 2621 gebruuehlicher.

377 2639 486 2703 Ourt.
499 2638 529 2719 3,
541 2637 561 2702 6
573 2637 665 2720 nulli,
679 2639 758 2724 quid
774 2638 1037 2726 scriptumesset,
1051 2639 1207 2704 enuntiat.
1225 2637 1256 2703 N
1264 2661 1281 2702 e
1287 2638 1393 2727 p.4,t‚
1400 2638 1427 2702 6.

378 2741 416 2805 B.
451 2739 532 2803 Der
553 2739 785 2806 Ncbensatz
808 2739 914 2826 folgt
935 2740 1020 2805 dem
1042 2740 1302 2826 Hauptsatzc
1323 2739 1426 2804 nach.

293 2842 376 2907 Hier
396 2842 440 2906 ist
462 2841 542 2906 kein
558 2840 760 2908 bestimmtes
777 2843 899 2907 Gesetz
923 2843 1004 2907 iiber
1025 2842 1079 2909 die
1093 2841 1193 2907 Wahl
1217 2842 1276 2906 des
1292 2841 1426 2928 Tempus

294 2943 503 3024 bemerkbar,
527 2942 619 3007 denn
636 2966 671 3007 cs
694 2942 778 3028 folgt
801 2945 844 3009 im
867 2943 1075 3010 Ncbensatzc
1097 2943 1265 3009 entweder

382 3047 416 3132 a)
438 3043 498 3109 das
522 3044 679 3110 Praesens
700 3045 758 3109 des
782 3045 1016 3134 Conjunetivs,
1045 3046 1107 3110 wie
1134 3045 1201 3110 Cic.
1225 3045 1319 3111 Verr.
1340 3047 1370 3125 4,
1396 3045 1427 3108 18

293 3148 407 3213 scribit
428 3146 469 3210 ad
494 3148 652 3234 quosdam
674 3146 880 3231 Melitenses,
910 3159 947 3215 ut
968 3169 1008 3213 ea
1030 3168 1109 3214 vasa
1129 3148 1330 3234 perquirant
1361 3146 1426 3210 Liv.

293 3251 344 3330 22,
366 3250 388 3313 4
409 3248 497 3334 qood
521 3249 591 3332 agri
614 3257 665 3312 est
687 3249 774 3314 inter
795 3249 972 3315 Cortonam
995 3248 1108 3313 urbem
1132 3246 1428 3334 Trasumenumqne

292 3349 410 3432 laeum,
433 3351 520 3414 omni
544 3349 636 3414 clade
658 3348 737 3413 belli
761 3361 940 3436 pervastat,
963 3373 1027 3436 quo
1050 3351 1154 3435 magis
1177 3351 1259 3416 iram
1283 3351 1367 3417 hosti
1389 3345 1426 3412 ad

293 3449 508 3518 vindicandas
536 3452 697 3517 sociorum
726 3451 862 3517 iniurias
891 3465 994 3518 acuat.
1030 3452 1119 3518 Cura
1142 3451 1174 3535 3,
1195 3454 1217 3516 4
1239 3453 1309 3538 igni
1337 3453 1427 3518 ferro·

292 3575 356 3640 que
379 3552 528 3618 Ciliciam
551 3563 675 3634 vastat,
708 3563 744 3618 ut
765 3552 851 3618 hosti
880 3553 1090 3618 solitudinem
1118 3552 1228 3619 faeiat.
1254 3593 1296 3603 -
1319 3548 1428 3618 Falselr

292 3657 336 3721 ist
363 3657 443 3720 aber
476 3653 530 3718 die
552 3652 673 3739 Regel,
707 3655 761 3719 die
789 3655 947 3739 Krtiger
974 3659 1005 3737 ξ.
1033 3655 1097 3720 622
1122 3655 1231 3740 gicbt:
1264 3677 1356 3740 „oran
1376 3654 1425 3718 be·

293 3756 405 3820 merke
433 3756 604 3840 librigens,
638 3756 714 3819 (lass
742 3755 797 3821 dic
823 3756 935 3821 nicht
963 3756 1236 3822 unmittelbar
1264 3779 1329 3823 von
1359 3753 1426 3818 dem

293 3857 402 3920 Praes.
433 3858 508 3922 hist.
536 3856 743 3942 abhfingigen
767 3857 973 3922 Ncbenstttze
1001 3859 1044 3922 im
1068 3858 1251 3924 Praeterito
1279 3857 1426 3934 stchen“;

292 3957 378 4021 donn
402 3959 460 4022 das
486 3959 643 4023 Praesens
673 3957 777 4023 findet
798 3959 867 4023 sich
890 3981 987 4044 sogar
1010 3960 1062 4024 bei
1085 3961 1226 4027 Cicero
1250 3962 1284 4024 in
1308 3959 1424 4024 Neben·

293 4068 408 4122 stttzen
432 4059 489 4124 des
514 4059 636 4125 dritten
658 4061 802 4126 Grades:
839 4059 934 4124 Rosc.
959 4060 1032 4125 Am.
1061 4061 1104 4126 38
1126 4073 1237 4128 monet
1265 4072 1302 4128 ut
1329 4056 1425 4149 provi·

293 4160 370 4224 (leat
391 4183 433 4223 nc
455 4160 564 4247 palam
593 4184 644 4227 res
674 4171 801 4246 agatur.
830 4161 861 4244 9,
884 4161 926 4226 25
949 4163 1057 4249 itaque
1085 4164 1297 4229 decurionum
1325 4165 1424 4228 decre-

292 4272 359 4324 tum
383 4263 493 4326 statim
520 4261 557 4327 fit
579 4273 615 4328 ut
636 4261 749 4327 decem
779 4264 874 4350 primi
904 4263 1154 4349 proficiscantur
1181 4264 1225 4329 ad
1249 4265 1285 4328 L.
1309 4259 1424 4328 Sullam

292 4359 494 4446 doceantque
516 4387 588 4429 eum
616 4365 672 4451 qui
701 4365 752 4428 vir
779 4365 857 4429 Sex.
888 4366 1026 4430 Roscius
1053 4365 1166 4448 fuerit,
1195 4373 1426 4454 conquerantur

292 4465 333 4530 de
355 4465 488 4529 istorum
511 4464 633 4529 scelere
649 4476 681 4530 et
696 4466 836 4549 iniuriis,
861 4478 952 4532 orent
968 4478 1004 4533 nt
1019 4478 1051 4534 ct
1067 4467 1155 4533 illius
1179 4468 1295 4538 mortui
1311 4467 1422 4532 laruam
