3068 5138
565 334 797 397 -347-

114 485 266 549 Afranius
289 506 364 548 cum
390 484 589 572 stipendium
616 486 658 550 ab
686 486 869 571 legionibus
893 523 931 532 -
955 485 1190 571 flagitarentur.
1213 525 1255 534 —

113 585 301 669 6111666616
322 587 405 651 wird
428 609 492 652 von
514 588 645 652 keinem
668 585 903 654 Schriltstellcr
925 610 961 652 so
984 590 1171 653 construirt.

192 687 286 752 Nach
302 687 464 773 Analogie
486 690 544 753 der
560 691 695 774 vorigsn
711 689 820 754 Verba
840 688 927 754 steht
949 690 984 752 in
1006 689 1065 754 der
1086 691 1254 754 6161161611-

115 790 208 854 seben
230 789 375 876 Spracbe
398 789 481 855 auch
504 789 562 854 das
584 791 703 854 Passiv
727 813 791 856 von
818 793 938 874 exigere
966 793 1028 866 mit
1053 790 1126 854 dem
1151 793 1254 856 Accu·

114 891 212 954 sativ:
236 889 280 971 Q.
302 890 454 956 Metellus
477 891 803 978 611.6611.15,14,2
825 915 896 958 6666
918 893 1072 979 pecunias
1095 895 1255 957 maximas
1366 918 1367 922 ¹

114 1002 242 1057 exactos
265 1014 347 1056 esse.
371 992 491 1058 Caecil.
514 992 595 1058 ibid.
619 997 650 1075 §-
673 993 796 1060 5111611
819 995 935 1080 exigor
956 995 1146 1081 portorium.
1181 993 1256 1058 Gel-

113 1092 168 1158 lius
191 1103 295 1158 neunt
317 1092 376 1158 das
399 1096 459 1158 mit
481 1094 586 1160 Recht
608 1097 680 1162 eine
703 1096 831 1164 Graeca
853 1097 968 1181 figura,
992 1095 1174 1180 vergleicht
1197 1096 1255 1160 da-

114 1196 166 1259 mit
195 1191 416 1279 εἰσεπράξατό
442 1219 483 1278 με
510 1192 674 1280 ἆργύριυν
701 1197 768 1262 und
797 1197 947 1281 verlangt
973 1196 1069 1260 daliir
1097 1197 1256 1261 1116666-

113 1297 268 1362 struction
290 1299 351 1362 mit
372 1299 412 1362 ab
435 1297 514 1364 oder
535 1300 580 1363 de.
603 1337 646 1346 —
668 1298 760 1364 Aber
782 1299 836 1363 die
858 1321 924 1364 von
946 1297 1046 1364 Klotz
1070 1321 1129 1362 aus
1152 1297 1257 1362 Plaut.

115 1397 202 1461 Trin.
225 1399 256 1480 2,
279 1399 312 1481 4,
334 1399 375 1463 26
397 1399 505 1464 citime
528 1397 627 1464 Stelle
650 1398 732 1464 wird
759 1421 821 1464 von
843 1398 970 1466 Ritschl
992 1398 1039 1463 als
1063 1399 1183 1464 uneclrt
1204 1421 1256 1484 ge-

114 1498 265 1563 strichon.
829 1533 833 1540 ·

193 1599 256 1692 Rei
281 1602 404 1668 iubere:
431 1602 539 1669 Plaut.
568 1602 644 1668 Aul.
673 1604 704 1686 2,
735 1605 763 1685 l,
792 1605 831 1668 31
861 1603 946 1689 quod
977 1612 1010 1667 te
1038 1604 1256 1670 iubotsoror.

114 1701 177 1766 Cic.
200 1700 279 1766 fam.
305 1704 354 1784 13,
376 1703 429 1785 26,
452 1706 472 1768 3
495 1715 632 1790 quaele
655 1704 780 1790 aliquid
803 1704 963 1770 iuberent.
997 1705 1091 1769 Caes.
1117 1705 1147 1767 b.
1170 1727 1203 1789 g.
1226 1706 1257 1789 3,

115 1805 132 1866 6
153 1803 240 1890 quod
262 1803 344 1869 iussi
366 1815 450 1887 sunt,
474 1806 608 1870 faciunt.
652 1806 752 1870 Nicht
773 1805 894 1891 hsufig.

196 1927 224 1969 e.
253 1905 463 1992 Zwiugen:
493 1906 599 1972 Plaut.
630 1909 750 1994 Amph.
781 1907 841 1972 163
868 1910 913 1972 eri
946 1907 1026 1972 haec
1054 1909 1259 1972 immodestia

114 2028 161 2070 me
184 2006 303 2092 coegit.
332 2006 407 2072 Ter.
431 2007 496 2072 Ad.
519 2009 557 2091 3,
580 2009 613 2091 4,
635 2010 678 2073 44
700 2009 786 2096 quod
809 2031 867 2074 vos
891 2011 940 2073 vis
965 2011 1059 2094 cogit,
1083 2009 1117 2074 id
1141 2009 1255 2073 voluu-

112 2116 176 2173 tate
198 2109 360 2196 impetret
385 2108 533 2197 6161611.
561 2112 588 2192 1,
604 2111 669 2190 2,3
693 2112 781 2176 cives
804 2111 861 2197 qui
883 2109 917 2175 id
940 2113 1038 2194 cogit.
1062 2111 1155 2196 Virg.
1169 2111 1255 2182 Aen.

113 2210 146 2292 3,
172 2209 215 2274 56
243 2209 322 2296 quid
349 2232 415 2274 non
442 2210 594 2276 mortalia
622 2221 756 2298 pectora
782 2211 895 2296 cogis?
928 2213 1002 2276 Liv.
1030 2214 1066 2294 3,
1098 2215 1115 2277 7
1146 2214 1188 2277 nd
1211 2211 1257 2295 id,

114 2309 198 2396 quod
221 2333 282 2376 sua
304 2334 464 2399 quemque
486 2312 572 2376 mala
594 2313 764 2398 cogebant.
788 2311 926 2393 Quintil.
947 2315 994 2392 11,
1022 2315 1038 2377 1
1062 2315 1118 2399 qui
1140 2314 1202 2378 hoc
1224 2337 1259 2378 66

114 2413 283 2496 coegisset.
329 2413 489 2478 Passiv:
514 2414 701 2480 61611611.
725 2415 756 2496 4,
779 2415 941 2501 64116616
964 2416 1049 2500 qnod
1073 2425 1141 2480 tum
1165 2438 1257 2501 coge·

113 2523 233 2578 rentur.
256 2535 288 2600 p.
311 2513 395 2579 Rab.
419 2516 508 2580 Post.
532 2518 549 2580 'l
574 2538 634 2601 ego
657 2517 717 2581 hoe
739 2537 847 2601 cogor.
871 2517 996 2581 desen.
1015 2518 1051 2580 ll
1075 2540 1139 2581 non
1163 2517 1258 2582 modo

114 2615 199 2700 quod
221 2638 287 2680 non
309 2638 494 2702 possumus,
517 2617 575 2682 sed
597 2639 638 2682 ne
660 2627 815 2704 quantum
831 2639 1002 2705 possumus
1018 2617 1149 2704 quidem
1171 2619 1258 2703 cogi-

113 2737 192 2780 mur.
227 2716 303 2782 Liv.
325 2718 358 2799 4,
381 2717 431 2799 26,
458 2719 497 2782 10
519 2720 548 2783 61
576 2718 708 2806 quidem
738 2720 811 2805 cogi
839 2718 1027 2804 611116111-
1054 2729 1197 2804 possent.
1228 2719 1258 2796 6,

116 2819 161 2896 15,
187 2817 226 2883 13
249 2841 308 2884 vos
330 2819 366 2884 id
388 2820 528 2904 cogendi
551 2821 639 2885 estis.
670 2819 754 2885 Plin.
777 2843 854 2906 pan.
877 2821 897 2884 6
920 2818 1005 2906 quod
1027 2819 1110 2884 nihil
1131 2820 1259 2903 cogitur

114 2919 197 3003 (scil.
220 2921 393 3009 princeps).
427 2920 514 2988 61611.
546 2921 598 3000 12,
627 2923 664 3005 5,
692 2924 713 2986 4
743 2922 872 2988 Stoicus
900 2921 997 2987 homo
1025 2921 1098 3006 cogi
1132 2919 1258 3006 aliquid

113 3030 218 3106 potest
240 3059 282 3070 -
305 3023 486 3110 sapientem
508 3024 590 3088 nihil
611 3024 684 3109 eogi
706 3045 809 3111 posse.

196 3123 290 3190 Gonu
303 3124 431 3208 analog,
448 3125 527 3190 61161
539 3124 718 3191 vereinzelt
734 3130 820 3191 steht
831 3124 885 3190 bei
897 3116 966 3191 Cic.
979 3125 1034 3190 fin.
1049 3125 1078 3206 1,
1090 3125 1122 3204 5,
1133 3124 1171 3187 14
1182 3145 1258 3188 uam

113 3224 192 3290 illud
212 3226 344 3313 quidem
366 3229 482 3294 adduci
503 3229 559 3292 vix
580 3250 712 3314 possum
737 3229 845 3312 (stattz
869 3227 910 3291 ad
933 3224 1014 3292 illud
1034 3225 1258 3311 credendum).

197 3327 237 3392 G.
280 3328 439 3395 Adiatare
460 3352 522 3393 nur
544 3330 620 3394 Ter.
643 3330 727 3394 Eun.
752 3331 780 3410 1,
802 3331 832 3412 2,
856 3329 897 3393 70
918 3328 968 3411 111,
993 3328 1121 3410 amabo,
1145 3329 1259 3393 adiuta

114 3449 175 3491 me.
209 3429 331 3494 Heaut.
354 3432 386 3513 5,
409 3431 439 3514 2,
461 3431 503 3496 59
525 3451 630 3516 neque
651 3454 703 3496 me
726 3431 898 3518 quicquam
922 3431 1057 3496 consilio
1079 3430 1238 3496 adiuvas?

196 3529 239 3598 H.
284 3531 444 3615 Aryuere:
476 3531 639 3598 Caecilius
667 3556 718 3620 ap.
747 3531 896 3612 66112,
925 3531 966 3596 23
993 3531 1028 3596 id
1056 3551 1108 3595 me
1138 3530 1258 3614 arguit.

114 3629 189 3695 Liv.
210 3631 267 3714 26,
293 3633 348 3714 12,
374 3633 411 3697 ll
441 3633 477 3697 id
503 3657 604 3698 unum
632 3633 715 3721 (scil.
739 3633 929 3717 Numidam)
958 3654 1001 3697 cx
1023 3632 1079 3711 iis,
1109 3632 1165 3716 qui
1193 3629 1258 3695 sibi

114 3752 181 3794 rem
202 3735 392 3820 aperuisset,
416 3757 553 3822 arguere
575 3758 646 3801 sese
668 3747 814 3822 paratam
835 3757 913 3800 esse.
957 3733 1006 3797 Im
1022 3731 1183 3804 Passiv:
1205 3730 1258 3811 45,

113 3833 556 3918 24,461616116611616111166,
572 3837 659 3923 quod
675 3839 852 3924 arguimur.
898 3837 1017 3901 Dieser
1033 3833 1258 3921 passiviscben

115 3935 353 4022 Construction,
376 3938 429 4003 bei
452 3938 511 4003 der
533 3939 623 4006 nicht
645 3942 718 4023 (mit
740 3938 990 4022 Weissenborn)
1015 3937 1123 4018 [661166
1143 3960 1186 4000 zu
1208 3958 1256 4000 cr-

114 4047 239 4122 g'anzen
261 4040 316 4121 ist,
339 4040 553 4128 entsprecbon
576 4042 630 4105 die
652 4043 734 4106 zuei
748 4063 807 4105 aus
822 4040 955 4105 Tacitus
971 4038 1101 4104 citirteu
1118 4036 1255 4103 Stellen:

115 4161 189 4203 ann.
211 4141 242 4223 6,
264 4141 286 4206 5
308 4142 455 4227 arguitur
483 4142 649 4230 pleraque.
693 4141 744 4208 Ib.
767 4164 851 4228 quae
879 4150 996 4204 cuncta
1019 4177 1057 4187 —
1080 4137 1257 4205 revinceba-

115 4245 178 4305 tur.
220 4241 299 4308 Und
321 4265 357 4307 so
380 4244 500 4310 bereits
523 4243 576 4309 bei
599 4244 791 4310 Cornificius
815 4242 873 4326 (ad
893 4241 1051 4326 Hercnn.)
1075 4241 1105 4323 2,
1129 4241 1150 4303 4
1171 4241 1259 4327 quod

115 4341 188 4428 ipso
210 4345 415 4412 insimuletur.

200 4444 228 4513 I.
271 4445 486 4520 Scbcuken
514 4469 575 4518 nur
597 4448 648 4521 bei
672 4447 813 4518 Torenz:
841 4445 922 4512 Hec.
944 4445 976 4528 5,
1000 4446 1032 4536 4,
1056 4445 1075 4510 9
1098 4466 1201 4530 egone
1224 4452 1256 4506 to
