3050 5146
739 349 1160 449 *¹⁷⁶ss'.·

278 499 436 580 51555551.
459 498 513 564 511.
538 501 565 581 1,
581 495 623 563 24
645 519 686 562 55
708 499 788 584 quid
810 509 941 581 temere,
965 521 1006 566 ne
1028 499 1107 586 quid
1123 500 1311 568 cmdeliter'.
1336 502 1371 586 3,
1385 501 1416 566 ll

280 619 320 662 ne
346 599 426 686 quid
456 599 624 682 simulate,
651 599 793 686 nequid
822 599 982 668 fallaciter
1009 601 1104 686 (fiat).
1136 639 1172 650 —
1201 625 1234 666 5.
1265 603 1296 668 1.
1327 604 1363 686 3,
1382 602 1417 666 40

278 722 362 786 quae
396 721 470 765 cum
497 702 654 786 dixisset,
678 702 776 768 Cotta
804 703 900 768 finem
924 703 1041 790 (fecit).
1071 703 1126 769 fin.
1155 707 1185 784 2,
1207 705 1229 770 6
1251 713 1321 770 tum
1353 703 1415 770 ille:

280 801 388 884 linem,
411 803 528 890 inquit,
551 805 786 889 interrogandi,
809 807 837 870 ’51
860 807 992 870 videtur
1013 805 1210 888 (faciamus).
1238 807 1270 888 4,
1295 808 1309 870 1
1342 823 1417 892 quae

279 924 353 968 cnm
376 903 532 987 dixisset,
562 906 659 970 linem
681 904 747 970 ille.
783 907 868 971 Phil.
894 907 943 990 14,
966 907 986 970 9
1012 906 1098 993 q‘uod
1127 927 1207 992 ergo
1233 907 1291 972 ille'
1319 907 1417 986 r'e,id

280 1027 340 1091 ego
363 1007 465 1072 etiam
479 1006 581 1073 verbo
600 1007 727 1092 (facio).
752 1008 829 1072 farn.
853 1009 883 1090 9,
901 1009 919 1072 'l
943 1007 1001 1074 sed
1023 1007 1163 1074 ridicula
1178 1009 1286 1074 ‘missa
1306 1009 1417 1092 (faeia-

280 1109 378 1191 mus).
402 1109 472 1175 Att.
499 1109 548 1190 13,
571 1109 613 1172 20
636 1107 708 1189 551,
738 1111 768 1174 51
790 1111 912 1196 p'oteris
937 1109 1081 1196 (facias).
1103 1109 1181 1174 fam.
1209 1110 1240 1194 9,
1260 1110 1318 1193 26,
1343 1111 1416 1176 355

280 1219 315 1272 15
339 1208 372 1272 11
396 1207 534 1274 melius?
559 1209 680 1295 (facis).
783 1222 786 1228 '
1026 1247 1031 1256 ·
1250 1223 1254 1234 '

356 1307 459 1374 'Dure
469 1311 566 1376 fehlt:
591 1311 667 1376 fam.
693 1313 743 1397 10,
767 1313 853 1396 12,2
875 1321 910 1378 51
931 1335 992 1400 ego
1014 1315 1044 1378 ei
1067 1312 1192 1380 litteras
1216 1324 1288 1379 tuas
1306 1311 1417 1399 (dedi).

282 1412 351 1476 An.
382 1411 432 1492 13,
463 1411 503 1476 24
533 1412 616 1478 nihil
641 1415 814 1499 igiturne
837 1418 866 1480 ei
889 1415 1026 1505 'quidem
1055 1414 1259 1480 litterarum?
1292 1413 1415 1499 (dedit).

287 1513 334 1592 12,
357 1511 399 1576 38
421 1513 477 1598 qui
499 1515 542 1579 ad
565 1536 616 1578 me
637 1515 723 1580 nihil
741 1516 933 1583 litterarum
948 1517 1117 1604 (dederis).
1140 1519 1239 1599 515,
1262 1517 1282 1581 6
1306 1514 1418 1582 deinde
1472 1564 1475 1572 .

284 1611 478 1698 Antiphonti
501 1637 642 1701 operam.

202 1759 205 1766 ,
301 1729 303 1734 '
375 1715 477 1782 Verbo
499 1718 1416 1812 555551115555,551515555555151553515155

284 1817 340 1881 lin.
363 1817 394 1898 5,
421 1819 436 1880 1
460 1817 571 1906 itaque
593 1820 635 1884 ud
658 1830 786 1907 tempus
808 1821 851 1886 ad
873 1821 1024 1887 Pisonem
1039 1841 1150 1886 omnes
1164 1821 1417 1910 '(venlmus).'cp.

282 1918 325 1983 32
348 1927 381 1984 51
402 1927 492 1984 recta
514 1922 644 2012 quidem
667 1923 710 1986 ad
726 1945 778 1986 me
800 1924 949 2007 (eamus).
972 1923 1072 1988 Tuse.
1087 1923 1119 2005 5,
1135 1922 1177 1987 32
1192 1939 1279 1988 5555
1292 1921 1418 2009 quidem

283 2018 450 2104 paululum
473 2044 493 2086 5
515 2022 583 2088 5515
606 2025 763 2112 (recede).
786 2025 827 2089 de
849 2047 896 2090 or.
923 2027 953 2109 2,
977 2026 996 2090 'l
1020 2023 1106 2111 quod
1129 2023 1171 2088 51
1195 2023 1332 2089 fratrem
1352 2044 1416 2110 pro

283 2121 658 2212 miserat(seituru1n).
681 2126 759 2190 fam.
784 2127 833 2209 16,
859 2129 896 2192 17
920 2147 995 2192 nam
1029 2147 1090 2211 ego
1105 2125 1181 2190 hinc'
1202 2145 1298 2188 mane
1321 2126 1418 2209 cogito

285 2221 416 2308 (abire).
445 2225 494 2307 16,
517 2227 559 2290 24
581 2236 660 2313 puto
683 2236 856 2314 utrumque
877 2229 919 2292 nd
935 2249 1036 2315 aquas
1061 2225 1284 2314 (profectum).
1310 2224 1417 2305 Α11.2,

285 2325 325 2388 13
347 2324 434 2389 5515
457 2347 517 2392 555
539 2329 646 2415 pridie
668 2329 752 2394 Non.
776 2329 853 2395 Mai.
882 2327 1292 2422 cogitamus(pr0ficisci).
1320 2327 1352 2410 5,
1372 2325 1418 2407 20,

173 2433 178 2443 ’
283 2424 455 2511 9quando
484 2432 609 2515 cogites
638 2431 782 2496 Romam.
812 2431 861 2511 12,
884 2433 924 2495 41
948 2451 1008 2515 ego
1037 2429 1165 2516 quando
1195 2449 1237 2492 ex
1267 2427 1329 2494 hoc
1355 2426 1418 2492 loco

283 2523 503 2609 (discessurus
533 2532 621 2619 sim).
648 2533 680 2616 4,
708 2534 738 2612 3,
766 2534 787 2598 3
819 2531 877 2598 sed
905 2530 960 2597 ille
988 2551 1024 2596 se
1050 2532 1083 2596 15
1114 2531 1270 2596 interiora
1297 2529 1418 2596 aedium

282 2625 397 2694 Sullae
421 2629 600 2715 (contulit).
623 2635 655 2716 4,
677 2633 709 2716 5,
732 2634 752 2698 3
774 2644 810 2699 tu
832 2633 873 2698 de
903 2636 959 2699 via
980 2641 1068 2698 recte
1090 2634 1124 2698 in
1147 2632 1259 2698 hortos'
1286 2632 1418 2719 (perge).

282 2735 315 2813 4,
338 2729 358 2794 8
380 2729 409 2792 Β
431 2733 490 2796 vix
512 2732 719 2816 discesserat,
742 2756 815 2800 cum
831 2735 970 2822 epistola
985 2735 1121 2819 (venit).
1147 2735 1228 2816 12,1
1253 2735 1418 2819 garrirnus,

283 2831 444 2919 quidquid
473 2834 508 2900 15
535 2834 682 2901 buccam.
710 2837 742 2918 5,
767 2836 818 2920 17,
841 2837 862 2901 3
891 2837 1066 2903 Cicerones
1093 2847 1224 2902 nostros
1251 2835 1418 2902 Deiotarus

283 2955 393 2998 secum
415 2935 450 2999 in
472 2957 608 3021 rognum
631 2937 766 3022 (duxit).
795 2937 827 3021 6,
850 2939 881 3021 9,
902 2939 924 3004 5
951 2938 1074 3004 Caesar
1095 2938 1298 3004 Placentiam
1325 2937 1417 3022 legio·

130 3071 140 3088 ·
282 3057 340 3101 nes
363 3045 518 3123 quattuor
541 3038 756 3124 (adducturus
780 3042 874 3125 erat).
896 3040 989 3105 5551.
1012 3063 1062 3128 pr.
1085 3039 1118 3122 2,
1139 3040 1180 3104 47
1203 3038 1419 3125 5055551555

282 3137 399 3224 pedem
431 3161 597 3226 nunquam
629 3141 810 3227 (discedit).
845 3143 913 3209 Au.
938 3144 968 3226 7,
990 3143 1021 3223 3,
1047 3143 1082 3206 ll
1119 3139 1198 3204 milti
1225 3149 1348 3204 cermrn
1375 3148 1420 3202 est

283 3238 326 3302 ab
348 3239 510 3305 sententia
532 3241 673 3328 digitum
695 3263 855 3330 nusquam
879 3242 1076 3326 (decedere).
1101 3241 1219 3325 10,16,
1242 3241 1263 3304 6
1284 3250 1319 3306 51
1340 3239 1420 3306 litte·

283 3361 392 3404 rarum
415 3340 539 3426 aliquid
561 3345 686 3409 interca
707 3345 839 3428 (mitte).
865 3346 914 3428 11,
937 3343 979 3408 22
1001 3343 1059 3430 qui
1081 3363 1116 3409 55
1137 3351 1260 3429 negant
1286 3361 1419 3430 usquam

285 3441 531 3528 (profecturos).
557 3444 606 3528 12,
632 3447 647 3508 l
672 3444 703 3508 V
726 3443 802 3508 Kal.
824 3445 926 3529 igitur
952 3443 994 3510 ad
1017 3446 1232 3512 constitutum
1261 3443 1419 3528 (reverti).

286 3543 334 3625 13,
360 3546 397 3608 11
421 3542 552 3630 quando
574 3545 706 3610 obviam
729 3547 846 3628 (iturus
868 3547 937 3632 sit).
963 3537 1129 3628 1545151
1150 3540 1191 3612 ad
1207 3546 1308 3612 larem
1330 3565 1419 3610 sunm

283 3644 398 3711 liceret
418 3646 580 3732 (reverti).

367 3748 471 3814 Unter
493 3747 606 3814 diesen
633 3747 756 3814 Stellen
778 3749 836 3815 der
858 3749 969 3816 Brieic
997 3751 1252 3837 (voraugsweisc
1272 3749 1319 3813 51
1340 3747 1419 3816 Atti·

283 3852 371 3934 oum)
395 3847 494 3915 fallen
517 3849 705 3936 dicjenigen
727 3853 940 3950 amxmeisten
961 3851 1028 3935 551,
1051 3874 1101 3918 wo
1124 3851 1182 3917 das
1198 3851 1345 3918 Verbum
1368 3849 1421 3914 der

284 3952 473 4036 Bewegung
500 3951 545 4014 im
575 3950 785 4025 infinitiv,
813 3952 1035 4040 Imperativ
1062 3954 1145 4020 oder
1172 3951 1420 4038 Oonjunctiv

286 4075 326 4118 zu
358 4061 522 4137 erganzen
554 4053 663 4117 151-
685 4054 886 4118 Ausserdcm
914 4055 994 4121 aber
1024 4055 1134 4121 finden
1165 4052 1233 4119 sich
1257 4052 1344 4118 noch
1370 4052 1420 4117 bei

285 4153 399 4218 Oicero
414 4153 531 4220 555551
545 4154 789 4240 merkwtirdige
804 4154 967 4243 Ellipsen,
990 4157 1045 4222 dic
1067 4166 1189 4224 unter⁴
1204 4155 1326 4220 keine
1348 4153 1420 4220 all·

285 4254 465 4338 gemeine
487 4253 646 4321 Rubrik
670 4277 711 4320 zu
734 4254 872 4343 bringeri
895 4259 980 4324 sind.
1012 4257 1059 4324 Es
1081 4257 1190 4324 fehlen
1211 4253 1355 4321 nttmlich
1370 4255 1420 4320 die

285 4355 551 4422 Verbullormen:

236 4451 239 4459 ’
369 4455 484 4540 Accepi
509 4457 579 4523 Att.
605 4459 652 4539 13,
685 4459 723 4524 15
750 4459 810 4525 555
838 4469 871 4524 15
893 4459 1011 4527 551155.
1039 4465 1156 4546 accepit
1182 4447 1261 4526 Phil.
1286 4459 1318 4540 2,
1340 4460 1420 4523 295

286 4581 337 4624 me
359 4559 400 4625 G.
424 4559 545 4625 Caesar
566 4559 763 4646 pecuniam?
