3050 5146
720 401 761 411 -
807 313 874 429 198⁹
909 401 950 412 -

266 539 331 581 non
358 515 477 597 facias,
506 514 541 579 id
562 537 628 603 pro
655 537 706 580 me
737 517 796 599 (sc.
826 517 949 600 facere)
977 526 1033 581 ott.
1077 516 1161 580 Plin.
1185 538 1236 601 ep.
1259 516 1291 596 3,
1317 515 1408 596 10‚s

266 639 381 682 verum
406 615 583 682 haesitanti
611 617 690 681 mihi
718 619 827 684 omnia
852 639 935 705 quae
960 619 1026 682 iam
1047 617 1215 704 composui
1237 615 1334 682 vobis
1357 637 1408 680 ex-

267 719 410 784 hiberem
424 739 467 783 an
481 718 589 783 adhue
603 717 715 804 aliqua
729 717 902 799 differrem,
917 717 1098 806 simplicius
1110 728 1143 783 et
1153 718 1290 784 amicius
1304 719 1409 788 visum

265 832 316 885 est
337 821 447 887 omnia
468 817 662 902 (exhibere).
701 819 840 899 Quintil.
863 819 895 902 8,
917 820 948 901 3,
970 819 1012 884 26
1034 842 1205 886 aerumnas
1228 819 1307 907 qaid
1331 839 1409 906 opus

266 932 316 986 est
338 919 501 1008 (dicere)?
523 931 688 1007 umquam
711 942 826 1007 parum
848 922 901 1003 sit,
924 923 952 986 si
974 922 1104 987 dicatur
1124 920 1228 986 labor.
1251 959 1291 969 -
1314 921 1412 987 Sonst

265 1021 348 1088 fehlt
376 1023 436 1088 der
463 1021 612 1087 infinitis
640 1022 684 1086 im
714 1021 946 1088 Nebensatae
974 1021 1041 1088 und
1069 1021 1129 1088 mit
1156 1022 1223 1087 ihm
1253 1021 1410 1088 nuweilen

266 1126 324 1190 das
346 1125 594 1190 Demonstrativ
618 1122 666 1188 als
689 1122 842 1208 Subject:
867 1123 933 1192 Cic.
950 1123 1044 1190 Verr.
1057 1122 1104 1206 II,
1129 1127 1158 1206 l,
1180 1123 1224 1188 39
1237 1124 1294 1211 qui
1316 1143 1411 1210 quae

266 1237 387 1294 starem
420 1227 468 1292 ita
498 1225 672 1310 gessisset,
706 1246 802 1311 quem
835 1226 878 1290 ad
911 1225 1043 1290 modum
1078 1226 1281 1310 cognovistis
1322 1225 1410 1310 (eum

265 1328 405 1414 gerere).
449 1326 521 1392 Liv.
544 1327 597 1407 43,
622 1326 661 1390 12
683 1326 769 1391 hunc
792 1327 974 1392 exercitum
997 1327 1105 1413 parari
1129 1325 1261 1414 placuit,
1285 1335 1325 1391 ut
1346 1326 1411 1390 exi·

266 1441 330 1514 ret,
353 1451 416 1516 quo
442 1450 495 1493 res
523 1435 672 1515 posceret
699 1429 786 1512 (enm
813 1424 929 1512 exire).
974 1426 1076 1494 loru:
1098 1439 1241 1515 quatuor
1267 1426 1410 1511 legiones

267 1530 368 1602 scribi
391 1533 512 1611 iussae,
535 1551 619 1616 quae
641 1529 670 1594 si
691 1549 757 1614 qno
779 1551 861 1616 opus
884 1539 971 1596 esset
993 1517 1063 1614 (eas
1086 1528 1212 1614 educi),
1236 1528 1409 1593 educeren-

265 1641 328 1698 tur.
374 1629 460 1698 Oder
488 1652 522 1694 es
551 1629 633 1694 fehlt
659 1629 718 1695 der
745 1628 854 1698 blosse
880 1629 1028 1695 Infinitiv
1055 1628 1162 1695 neben
1184 1634 1299 1712 potest,
1326 1629 1409 1711 solet,

265 1735 364 1812 debet,
388 1733 496 1810 aedo,
519 1732 656 1815 videtur,
678 1752 756 1814 opus
777 1737 834 1812 est,
862 1752 929 1796 mos
949 1737 1007 1812 est,
1035 1732 1229 1796 eomrraodum
1251 1737 1303 1796 est.
1348 1730 1410 1794 Die

266 1835 365 1899 Form
393 1835 451 1898 der
479 1833 686 1898 Nebensittze
714 1835 757 1897 ist
784 1832 1010 1918 manniglaclr:
1047 1833 1115 1898 Cic.
1145 1855 1177 1918 p.
1208 1831 1343 1914 Quinet.
1375 1831 1409 1894 ll

265 1936 346 2000 haec
368 1934 435 2016 ille,
459 1937 487 1998 si
510 1933 620 2000 verbis
643 1956 706 1998 non
729 1934 838 2015 audet,
862 1956 898 1997 re
926 1933 1057 2020 quidem
1080 1956 1160 1999 vera
1181 1933 1290 2020 palam
1312 1933 1410 2020 loqui·

266 2048 329 2102 tur.
353 2037 409 2101 fin.
431 2038 463 2119 2,
484 2036 528 2101 35
550 2046 583 2100 et
605 2013 947 2122 quamquambliquid
971 2038 1041 2123 ipse
1055 2046 1201 2124 poteram
1225 2033 1410 2120 (invenire),

265 2150 374 2203 temen
396 2137 544 2202 invenire
560 2139 644 2201 malo
660 2137 839 2223 paratiores
856 2135 1033 2202 familiares
1048 2146 1189 2206 nostros.
1227 2136 1323 2202 Rosc.
1338 2135 1409 2198 Am.

268 2239 470 2325 lucenique
492 2248 538 2320 ut,
562 2239 714 2325 quoniam
736 2239 870 2303 erimine
892 2261 956 2304 non
984 2248 1148 2325 poterant,
1173 2247 1320 2325 tempore
1341 2238 1408 2323 ipso

266 2349 460 2427 pugnarent.
498 2337 593 2403 Verr.
616 2338 664 2420 II,
690 2343 718 2422 l,
740 2339 761 2403 4
784 2337 872 2425 quod
894 2340 1019 2427 aliquot
1033 2339 1221 2406 nominibus
1238 2340 1280 2406 de
1294 2338 1407 2426 capite,

265 2450 422 2529 quantum
449 2440 655 2506 commodum
681 2439 800 2522 luerit,
834 2440 989 2507 frumenti
1022 2440 1194 2506 decumani
1222 2440 1408 2506 detraxerit.

266 2567 299 2608 u.
322 2543 353 2607 d.
380 2544 407 2622 1,
429 2543 450 2606 3
472 2563 546 2606 cum
568 2541 699 2606 minime
721 2541 923 2626 videbamur,
947 2554 1016 2608 tum
1039 2542 1183 2608 maxime
1205 2539 1406 2629 philosopha·

265 2646 391 2709 bamur.
436 2640 528 2707 Brut.
555 2642 597 2706 93
620 2663 661 2708 ex
684 2665 764 2728 qua,
793 2643 973 2730 siquando
996 2667 1078 2731 opus
1100 2654 1203 2725 esset,
1234 2643 1277 2708 ab
1299 2641 1407 2708 inieris

266 2743 538 2829 locupletissimos
566 2753 665 2808 testes
695 2733 864 2808 circitaret.
908 2745 1006 2810 Sall.
1034 2745 1113 2830 Jug.
1142 2745 1182 2810 71
1212 2745 1347 2825 deinde,
1376 2750 1407 2806 ut

266 2867 400 2930 aegrum
423 2846 566 2909 animum
589 2843 682 2926 solet,
705 2867 836 2910 somnus
860 2849 957 2933 cepit.
1009 2847 1142 2931 Nepos
1165 2848 1239 2912 Au.
1263 2847 1314 2929 13,
1336 2845 1357 2908 2
1377 2844 1406 2908 in

266 2969 330 3033 quo
352 2944 432 3010 nihil
454 2946 677 3026 commutavit,
700 2945 764 3012 nisi
787 2948 815 3010 si
837 2947 917 3034 quid
940 2956 1105 3014 vestutate
1130 2958 1266 3013 coactns
1288 2959 1348 3012 est.
1369 2981 1405 2994 ·-

265 3049 336 3112 Der
368 3069 409 3111 zu
443 3048 648 3130 erganzende
682 3045 828 3111 infinitis
861 3049 904 3113 ist
936 3049 1091 3114 maistans
1125 3070 1190 3113 von
1225 3047 1405 3114 demselben
1515 3043 1516 3046 ’

266 3147 403 3213 Genus
427 3147 548 3212 Verbi
578 3148 639 3211 wie
668 3147 727 3211 das
750 3148 904 3214 predicat
929 3150 974 3214 im
997 3137 1221 3236 Hauptsatze,
1253 3151 1315 3216 wie
1336 3149 1403 3213 Lis.
1463 3175 1469 3186 ·

265 3249 317 3330 43,
343 3248 382 3312 15
397 3258 434 3312 ut
447 3257 612 3334 praetores
629 3270 671 3311 ex
686 3247 748 3330 bis,
771 3271 850 3334 quas
870 3252 1088 3338 scripsissent,
1111 3251 1309 3336 legionibus,
1332 3271 1404 3336 quas
1514 3305 1515 3328 ,

266 3349 433 3414 videretur
454 3348 579 3434 (dare),
609 3347 734 3414 consuli
762 3351 886 3415 darent.
930 3352 995 3417 Die
1023 3353 1313 3439 passiviseben
1334 3351 1403 3416 lbr-
1514 3355 1515 3358 ’

267 3471 340 3514 men
363 3450 516 3514 scheinen
538 3448 691 3514 seltener:
715 3450 784 3515 Cic.
808 3475 839 3516 n.
863 3454 895 3516 d.
917 3453 949 3534 2,
971 3456 1152 3536 4senetus,
1176 3477 1260 3540 quos
1275 3453 1316 3518 ad
1331 3451 1403 3518 sole·

266 3561 317 3616 ret
339 3548 495 3634 (referri),
518 3549 724 3614 referendum
739 3555 876 3616 censuit.
899 3553 966 3618 div.
985 3557 1012 3637 l,
1034 3556 1077 3620 54
1092 3575 1199 3641 neque
1214 3558 1301 3622 enim
1316 3553 1405 3620 domo

265 3651 445 3735 egredienti
479 3652 607 3735 signum
637 3651 699 3715 sibi
726 3651 845 3735 ullum,
879 3655 967 3740 quod
996 3655 1097 3740 (deri)
1130 3668 1337 3741 consuesset,
1367 3690 1402 3702 -

264 3752 388 3816 datum.
433 3751 516 3819 Phil.
542 3752 624 3832 1,4,
650 3753 825 3838 luparum
848 3765 932 3837 erat,
955 3757 1117 3843 aquibus
1144 3756 1322 3840 debuerat,
1354 3756 1401 3820 ad·
1512 3795 1513 3810 ,

263 3855 362 3916 intus.
413 3850 589 3930 Quintil.
622 3857 656 3933 l,
688 3858 721 3936 1,
744 3855 786 3919 20
808 3855 981 3943 aliquando
1009 3861 1081 3944 ipso
1109 3857 1242 3925 nolente
1275 3855 1402 3952 (doceri)

265 3950 536 4018 doceaturalius.
564 3993 598 4000 -
624 3953 687 4018 Mit
716 3957 1048 4024 verschiedenem
1078 3959 1193 4026 Genus
1217 3961 1334 4027 Verbi:
1359 3959 1400 4038 10,

268 4054 294 4132 l,
317 4054 338 4114 4
359 4075 433 4116 uarn
456 4051 489 4116 id
512 4053 642 4139 quidem
665 4066 722 4120 aut
743 4058 823 4122 satis
838 4069 895 4126 aut
909 4071 997 4126 certe
1012 4060 1060 4125 uti
1078 4062 1219 4148 (dicere)
1235 4063 1400 4150 potuimus,

264 4151 387 4217 dictum
410 4163 469 4218 est.
487 4191 528 4201 —
543 4154 627 4218 Eine
649 4155 824 4222 auffallend
847 4157 942 4246 lange
958 4160 1085 4249 Ellipse
1101 4165 1145 4229 ist
1161 4165 1215 4230 bei
1233 4166 1301 4230 (lie.
1318 4164 1399 4227 Verr.

264 4253 295 4334 5,
317 4252 358 4316 21
381 4256 490 4341 itaque
512 4265 637 4322 tantum
662 4258 766 4322 valuit
781 4259 875 4324 istius
891 4263 1014 4329 decreti
1040 4269 1230 4350 auctoritas,
1253 4275 1398 4353 qnantum

265 4351 381 4417 debuit
400 4355 469 4419 eius
492 4355 631 4422 horninis
654 4360 708 4442 qui
732 4361 767 4442 (i.
791 4385 818 4426 e.
842 4377 1000 4448 quantum
1022 4365 1139 4432 debuit
1162 4367 1273 4435 valere
1297 4375 1396 4432 ancto-

265 4454 346 4522 ritas
369 4455 490 4520 decreti
513 4459 581 4524 eius
604 4459 769 4550 hominis).
1230 4453 1232 4457 .
