3070 5146
589 327 904 410 -611-'

129 498 228 587 loqui.
267 497 364 564 Truo.
390 499 422 580 l,
446 499 480 578 2,
503 497 544 562 56
572 521 654 586 quaa
682 500 715 562 in
744 521 802 565 nos
832 497 987 586 illosque,
1017 519 1056 565 ea
1084 501 1192 565 omnia
1214 501 1274 564 1151

130 602 224 666 dicis.
261 599 331 664 015.
355 599 407 664 511.
432 602 462 682 1,
485 599 505 663 9
527 601 616 687 quod
639 601 726 688 apud
742 599 912 666 Platonem
935 611 986 666 est
1008 602 1042 665 in
1064 600 1274 690 philosophos

129 703 263 767 dietum.
307 701 399 766 Brut.
422 701 465 765 44
491 699 550 765 illa
576 703 611 766 in
641 704 743 788 legem
767 702 939 790 Caepionis
966 706 1079 769 oratio.
1126 703 1222 768 Tusa.
1249 706 1276 782 1,

128 805 170 869 34
192 803 394 889 epigramma
419 803 452 867 in
476 801 719 868 Ambraciotam
744 803 996 870 Cleombrotum.
1043 804 1084 869 dc
1106 827 1152 870 or.
1175 805 1211 888 2,
1236 805 1277 870 86

128 927 275 988 carmen,
309 904 397 991 quod
426 905 460 968 in
488 927 562 969 eum
591 906 785 992 scripsisset.
830 905 971 986 Quintil.
994 908 1030 988 6,
1056 909 1089 988 1,
1113 907 1133 971 3
1156 906 1277 995 optimc

129 1008 163 1070 in
186 1006 324 1071 Verrem
347 1005 472 1072 Cicero.
508 1005 607 1095 Apul.
631 1030 673 1071 m.
702 1009 737 1071 11
745 1057 754 1090 ,
780 1008 873 1073 1615
897 1031 949 1073 mc
971 1009 1159 1074 fabulantur
1183 1009 1277 1092 (iiber

129 1107 240 1193 mich).

214 1210 279 1274 Die
312 1209 516 1275 freundliche
548 1210 627 1276 oder
655 1209 831 1276 feindliche
861 1211 1099 1297 Gesinnung
1127 1210 1276 1277 bezeich-

129 1311 233 1395 nend,
256 1311 327 1376 hier
350 1311 429 1376 aber
451 1311 684 1378 concurrirend
706 1313 765 1376 mit
787 1315 936 1378 adversas
959 1312 1025 1377 und
1048 1335 1139 1397 erqo:
1169 1312 1274 1378 Plaut.

130 1414 206 1483 Aul.
229 1415 260 1498 3,
281 1415 313 1495 5,
339 1412 380 1477 12
401 1414 435 1478 15
458 1416 626 1500 pauciores
650 1412 764 1478 avidos
787 1415 956 1480 altercatio
980 1425 1039 1480 est.
1074 1416 1142 1480 Cic.
1167 1417 1277 1481 deor.

132 1519 164 1597 1,
187 1516 232 1581 44
252 1537 362 1582 amore
384 1515 576 1582 inflammati
599 1517 633 1580 in
656 1516 805 1603 patriam.
846 1517 882 1600 2,
904 1517 947 1581 40
969 1518 1003 1581 15
1024 1516 1146 1583 liberos
1170 1515 1276 1582 indul·

128 1619 251 1705 gentia.
296 1627 377 1684 orat.
405 1618 446 1684 38
479 1619 521 1682 de
550 1618 617 1682 suis
644 1617 743 1682 factis
778 1616 924 1682 consiliis
960 1619 1084 1684 meritis
1112 1620 1146 1684 in
1175 1641 1275 1708 remp.

129 1719 219 1794 nd.
241 1721 277 1802 3,
300 1719 343 1785 34
373 1719 415 1784 ad
437 1720 639 1806 impietatem
667 1720 701 1784 15
724 1719 801 1786 deos
827 1721 862 1784 in
885 1719 1032 1787 homines
1054 1720 1207 1788 adiunxit
1229 1723 1276 1788 in·

130 1843 258 1888 rumam.

215 1923 355 1989 Manche
383 1923 548 2010 derartige
570 1923 790 2010 Wendungen
824 1924 899 1990 sind
927 1925 1182 2011 eigenthttmlich
1211 1927 1278 1992 und
1335 1981 1340 1992 .

128 2025 397 2113 ungewohnlich‚
434 2028 496 2092 wie
525 2025 592 2092 Oic.
628 2025 712 2112 legg.
746 2029 778 2107 1,
809 2026 849 2091 15
881 2029 916 2092 15
948 2027 1026 2093 deos
1060 2029 1277 2093 caerimoniae

131 2129 252 2214 (wofitr
275 2151 310 2195 er
332 2129 400 2193 inv,
423 2129 459 2210 2,
481 2129 523 2192 22
546 2138 635 2214 aagt:
660 2150 744 2193 caer.
769 2129 929 2213 deorum).
959 2127 1036 2194 Sall.
1061 2129 1157 2215 lrgm.
1183 2131 1212 2214 1,
1236 2131 1277 2195 53

129 2229 265 2297 Etruria
288 2231 393 2298 omnis
416 2253 489 2296 cum
511 2230 636 2319 Lepido
660 2239 813 2317 suspecta
834 2233 868 2295 in
891 2230 1064 2296 tumultum
1087 2241 1167 2298 erat.
1210 2233 1277 2297 Li-

129 2333 223 2397 vius
247 2342 332 2398 aetat
354 2335 390 2398 ia
412 2332 465 2398 bei
488 2333 634 2398 1111551511
655 2333 712 2415 39,
739 2332 794 2416 10,
818 2333 848 2396 2.
886 2336 1043 2400 exsecrari
1064 2333 1121 2413 39,
1143 2335 1201 2417 51,
1227 2335 1277 2398 12.

130 2437 297 2518 inerepare
320 2437 350 2517 1,
372 2435 423 2516 51,
449 2437 477 2498 1.
509 2434 600 2499 Aber
622 2433 681 2499 das
705 2433 778 2499 sind
801 2432 907 2500 lauter
930 2434 1128 2500 vereinzclte
1145 2435 1277 2518 Stcllen‚

130 2539 192 2602 wie
214 2537 298 2602 auch
321 2536 411 2601 Tac.
439 2558 513 2600 ann.
537 2536 574 2618 5,
599 2536 617 2600 7
646 2557 719 2601 cum
746 2539 781 2602 in
804 2534 958 2602 Blaesum
986 2536 1091 2620 multa
1118 2537 1278 2624 foedaque

129 2638 358 2705 incusavissct.
399 2640 452 2719 11,
476 2638 496 2703 8
519 2637 606 2703 unde
627 2647 733 2703 metus
755 2638 789 2701 in
812 2647 949 2703 ceteros.

215 2741 244 2806 2.
289 2741 329 2804 15
358 2738 621 2826 temporalem
643 2739 743 2805 Sinne
771 2739 926 2806 bedeutet
952 2743 988 2806 ia
1016 2741 1070 2804 die
1094 2739 1277 2806 Ausdeh-

129 2864 237 2928 nung
271 2843 360 2907 einer
387 2840 581 2926 'l'htttigkeit
613 2839 693 2906 oder
725 2843 813 2906 eines
843 2839 1029 2905 Zustandes
1058 2840 1109 2906 bis
1138 2843 1178 2906 in
1207 2843 1278 2907 cine

129 2945 223 3029 Zeit,
256 2945 309 3011 515
343 2967 389 3008 zu
417 2944 508 3008 einer
535 2944 609 3010 Zcit
643 2941 722 3009 oder
750 2941 804 3007 die
832 2941 1060 3039 Bestimmung
1089 2944 1154 3008 fiir
1186 2943 1277 3030 (auf)

129 3049 203 3113 eine
225 3047 311 3112 Zeit.

217 3153 249 3232 a)
284 3148 349 3212 Die
372 3147 599 3233 Ausdehnung
621 3149 655 3213 in
678 3149 773 3212 einen
796 3147 964 3212 Zeitraum
986 3147 1142 3213 lrinein:
1172 3148 1277 3214 Plaut.

129 3249 233 3320 Stich.
262 3250 325 3316 638
358 3252 392 3314 15
420 3250 507 3314 diem
536 3251 725 3317 crastinum.
771 3249 839 3314 Cic.
868 3249 965 3314 Ture.
995 3253 1028 3332 1,
1057 3250 1099 3314 38
1127 3253 1163 3316 ia
1190 3273 1279 3317 55155

129 3359 251 3439 ternpus
283 3355 363 3440 reip.
398 3352 531 3439 suisque
564 3351 745 3418 consulant.
798 3350 957 3416 Dassclbe
985 3352 1065 3417 fam.
1097 3353 1133 3434 5,
1165 3354 1219 3438 15,
1251 3357 1277 3416 1.

129 3454 214 3522 Hor.
238 3477 288 3543 ep.
314 3457 331 3518 1
340 3503 350 3536 ,
375 3454 430 3537 18,
454 3455 496 3518 34
522 3452 661 3518 dormiet
689 3455 723 3517 in
749 3453 856 3518 lucem
886 3454 932 3535 (in
956 3451 1020 3517 den
1042 3453 1113 3538 Tag
1141 3454 1277 3537 hinaiu).

131 3561 168 3640 1,
193 3558 243 3640 17,
258 3557 287 3628 ,6
315 3558 454 3643 primam
484 3578 615 3621 somnus
641 3556 675 3619 15
698 3552 820 3618 horam.
865 3553 963 3619 Ovid.
988 3577 1037 3642 ep.
1062 3577 1104 3619 ex
1126 3555 1162 3618 P.
1186 3557 1222 3639 4,
1246 3557 1276 3635 5,

128 3657 175 3726 39
197 3680 232 3724 55
254 3659 325 3724 fore
347 3659 545 3745 mancipium
567 3667 696 3742 tempus
719 3655 754 3718 in
776 3676 870 3720 omne
892 3664 994 3720 tuum.
1033 3654 1105 3720 Tib.
1129 3658 1161 3740 4,
1184 3659 1215 3742 2,
1237 3657 1278 3723 23
1319 3643 1326 3658 ’

129 3760 252 3825 multos
275 3762 309 3825 in
332 3781 446 3824 annos.
474 3759 549 3823 Liv.
566 3758 596 3841 7,
613 3757 654 3822 20
676 3756 822 3820 inducias
845 3757 880 3821 in
902 3767 1032 3823 centum
1046 3779 1148 3824 annos
1164 3759 1292 3825 factas·

129 3863 165 3945 9,
185 3861 226 3928 37
249 3861 398 3927 inducias
421 3861 454 3924 in
477 3861 613 3946 triginta
634 3879 736 3924 annos
759 3859 1029 3946 impetraverunt.
1062 3863 1088 3939 1,
1115 3861 1164 3926 15.

217 3961 253 4046 5)
276 3961 341 4027 Die
356 3961 583 4048 Ausdehnung
605 3959 667 4026 bis
690 3983 738 4025 zu
761 3962 851 4026 einer
869 3960 957 4046 Zeit,
980 3962 1049 4026 dies
1069 3962 1190 4050 jedoch
1213 3975 1280 4030 erst

130 4067 175 4131 im
213 4064 378 4130 silbernsn
410 4063 545 4147 Latein,
584 4061 741 4128 auweilen
778 4063 837 4127 mit
869 4062 1137 4149 hinzugeltigtem
1172 4085 1277 4150 usqae.

130 4165 260 4235 Colum.
283 4166 318 4244 2,
345 4166 400 4248 10,
427 4166 465 4230 17
488 4187 508 4229 a
530 4163 684 4231 Calendis
708 4164 782 4231 Oct.
806 4165 840 4229 15
863 4173 969 4231 ortum
992 4164 1130 4250 aquilae.
1174 4168 1212 4232 18
1234 4169 1278 4234 ab

129 4267 339 4356 aequinoctio
366 4267 564 4333 auctumnali
592 4267 626 4332 in
655 4267 732 4331 ldus
762 4267 834 4335 Oct.
879 4265 1019 4348 Quintil.
1048 4266 1084 4350 8,
1114 4268 1150 4351 3,
1175 4269 1216 4334 68
1244 4272 1279 4336 in

129 4368 226 4438 illum
248 4392 351 4456 usque
373 4370 468 4434 diem.
514 4370 604 4435 Suet.
627 4369 700 4434 Oct.
725 4370 764 4434 17
787 4369 821 4433 15
844 4392 952 4435 serum
975 4368 1184 4436 dimicatione
1206 4395 1278 4459 pro·

130 4481 250 4540 tracta.
295 4471 382 4536 Nero
404 4473 446 4536 22
469 4468 689 4559 spectaculum
711 4471 746 4534 in
767 4494 874 4538 aarum
897 4470 1158 4559 protrahebatur.
1196 4475 1278 4540 Otho

184 4576 318 4626 Dracen.
336 4575 397 4616 filet
411 4574 498 4623 salax
511 4573 588 4616 (1.151.
604 4573 652 4622 Sor.
1042 4579 1076 4630 40
