3056 5144
737 375 778 386 ..
820 339 884 404 450
926 375 968 388 -

276 491 296 554 8
320 489 361 553 de
383 489 544 555 calumnia
566 487 724 554 damnari.
765 488 848 558 Plin.
872 513 921 579 ep.
948 491 1003 572 10,
1026 491 1070 555 40
1091 491 1145 577 (31
1169 489 1261 578 Keil)
1290 492 1419 579 quidam
1504 453 1505 472 .

174 670 178 676 Ι
278 591 331 654 vel
354 593 493 678 inopus
516 591 661 656 damnati
683 590 736 654 vel
759 592 795 656 iu
817 590 940 658 ludum.
978 593 1033 678 10,
1055 593 1096 657 41
1120 593 1175 676 (32
1197 593 1255 674 K)
1280 593 1420 658 damnati

278 694 324 758 ad
344 713 489 779 poenam.
522 692 659 775 2,11,8
683 695 717 757 ta
739 691 916 758 metallum.
946 694 1024 762 Tae.
1049 715 1123 760 ann.
1150 695 1199 776 16,
1215 694 1255 759 21
1279 694 1321 759 ad
1344 693 1421 759 mor·

277 804 342 858 tem
366 793 592 860 damnabatur.
624 793 713 860 Suet.
735 795 823 860 Nero
845 795 884 860 31
908 794 949 859 ad
972 817 1065 881 opus.
1091 793 1217 861 08121
1241 795 1362 862 multos
1381 795 1420 859 ad

279 894 412 961 metalla
440 905 472 960 et
500 895 697 961 munitiones
720 896 848 960 viarum
878 905 935 961 aut
962 895 1157 962 adbestias
1185 897 1420 966 condemnavit.

278 997 352 1061 lib.
374 999 409 1062 51
438 999 471 1062 in
494 996 638 1062 antliam.
683 995 744 1061 Bei
766 997 829 1062 den
852 998 1014 1063 ‹Iuristenr
1038 999 1074 1062 in
1096 998 1268 1085 reliquum,
1291 999 1325 1062 in
1349 997 1420 1062 eoli-

279 1101 372 1181 ‹lum,
402 1099 436 1162 in
465 1105 589 1185 partem
612 1098 728 1186 pretii,
758 1099 791 1162 in
818 1099 945 1164 fruetus
967 1109 1149 1187 perceptos.
1193 1099 1354 1167 Laetana:
1382 1099 1420 1163 ad

279 1209 427 1284 mortem,
450 1197 493 1265 ad
515 1223 546 1264 u.
571 1201 604 1264 in
627 1221 776 1287 poenam,
798 1201 833 1266 in
855 1199 1025 1288 supplicia.

362 1307 393 1386 ξ.
416 1302 489 1367 210.
534 1300 603 1365 Der
625 1299 765 1367 Genetiv
787 1301 841 1366 bei
864 1300 927 1368 den
951 1301 1070 1367 Verbis
1099 1303 1308 1385 erinnern,
1339 1303 1418 1366 sich

279 1407 466 1470 erinnern
489 1403 556 1468 und
578 1423 802 1488 vergessen
829 1403 874 1470 ist
897 1426 956 1469 aus
979 1403 1054 1468 dem
1077 1406 1111 1468 in
1133 1403 1245 1469 diesen
1267 1401 1418 1469 thrtern

276 1504 449 1592 liegenden
472 1503 746 1589 Nominalbegriff
764 1505 901 1588 (memor
922 1527 954 1570 u.
976 1505 1159 1591 immemor)
1188 1528 1230 1571 au
1256 1505 1417 1570 erklttren.

277 1608 341 1672 Die
357 1606 501 1694 Spraohe
524 1605 581 1670 hat
601 1604 682 1670 aber
703 1606 736 1669 in
758 1606 870 1671 diesen
885 1607 1066 1672 Raetionen
1081 1607 1196 1672 immer
1209 1606 1418 1694 gesehwanlrt
1492 1655 1497 1668 .

276 1710 344 1776 und
367 1709 436 1775 sich
460 1707 509 1774 oft
530 1707 588 1772 dee
611 1707 806 1773 Accusativs
830 1717 910 1774 statt
931 1707 989 1772 des
1012 1708 1172 1774 Genetiva
1195 1707 1338 1774 bedient.

364 1813 391 1878 1.
423 1813 493 1876 Aue
510 1809 758 1875 archaistiseher
773 1809 849 1874 Zeit
864 1809 947 1874 wird
966 1808 1099 1876 erstlieh
1120 1809 1176 1873 die
1196 1809 1417 1894 gewdhnliche

278 1911 645 1982 Genetiveonstruetion
660 1909 714 1976 bei
736 1911 875 1992 mernini,
898 1913 1095 1977 remoremini
1118 1911 1185 1975 und
1207 1911 1347 1977 oblivisci
1365 1933 1416 1976 an·

277 2017 422 2102 gelsshrt5
458 2013 582 2079 sodann
610 2009 716 2076 Plaut.
745 2009 831 2076 Rud.
860 2013 897 2094 3,
919 2013 957 2095 4,
979 2013 1021 2078 38
1049 2033 1193 2077 mearum
1229 2033 1278 2076 me
1304 2012 1417 2076 absens

278 2117 481 2180 miseriarum
505 2132 688 2180 commones.
723 2113 868 2178 Naevius
891 2135 942 2200 ap.
967 2112 1071 2178 Prise.
1093 2136 1125 2201 p.
1141 2114 1205 2178 679
1226 2114 1265 2178 Ρ.
1287 2115 1317 2178 ei
1339 2115 1419 2180 mil

277 2221 313 2282 in
346 2222 476 2281 mmmm
507 2213 674 2278 hominum
707 2212 855 2279 fortunae
889 2213 987 2297 (Gen.
1016 2224 1097 2280 etatt
1128 2213 1305 2298 fortunae.)
1345 2215 1416 2278 Ter.

277 2317 405 2381 Phorm.
431 2317 457 2396 1,
473 2316 541 2398 3,2
564 2313 620 2378 ubi
635 2314 747 2381 veniat
768 2317 802 2379 in
825 2325 964 2380 mentem
987 2316 1057 2381 eius
1080 2315 1227 2382 adventi.
1243 2351 1283 2364 -
1299 2313 1416 2381 Stellen

278 2439 337 2482 aus
357 2415 553 2480 Klassikern
576 2417 641 2480 und
666 2415 827 2502 Spttteren
850 2439 891 2482 au
914 2417 1047 2498 aitiren,
1074 2417 1119 2482 ist
1139 2415 1350 2504 tiberilttssig,
1378 2416 1417 2481 da

277 2519 332 2584 die
347 2515 566 2601 Verbindung
588 2516 646 2584 mit
667 2515 743 2582 dem
758 2517 902 2582 Genetiv
918 2516 1043 2583 tiberall
1064 2517 1118 2584 die
1133 2517 1417 2604 gebrauchtiahere

275 2624 319 2688 ist
341 2617 409 2686 und
431 2615 533 2684 selbet
556 2617 608 2698 bei
631 2619 801 2684 neutralem
822 2611 1074 2686 Pronominibus
1098 2617 1299 2701 vorkommt,
1327 2641 1417 2684 avenn

277 2723 335 2788 das
365 2719 513 2788 neutrale
535 2718 734 2785 Gesehleoht
762 2743 821 2786 aus
848 2721 922 2786 dem
946 2719 1252 2806 Zusammenltange
1274 2721 1416 2786 erkannt

277 2823 376 2906 vird,
400 2847 428 2887 z.
453 2823 489 2886 B.
513 2821 586 2886 Liv.
609 2822 660 2904 28,
683 2821 735 2904 29,
758 2823 779 2888 6
805 2823 862 2887 sed
884 2843 926 2886 ne
948 2845 987 2888 ea
1010 2822 1139 2909 quidem
1162 2823 1237 2908 ipsa
1259 2821 1345 2888 ultra
1366 2843 1416 2886 ex·

276 2924 534 3012 probrabuntur3
567 2923 691 2989 utinam
725 2933 792 2988 tam
826 2923 924 2989 facile
953 2945 1012 2990 voe
1030 2923 1287 2990 ‘obliviscamini
1316 2944 1416 2990 eoram
1504 2971 1505 2992 ι

277 3049 373 3113 quam
396 3048 457 3112 ego
481 3023 665 3090 obliviscar.
684 3061 720 3073 -—
738 3024 810 3090 Nur
825 3025 958 3090 Tacitus
980 3025 1036 3090 hat
1058 3045 1182 3090 mouere
1203 3047 1231 3093 e.
1247 3047 1321 3111 gen.
1342 3033 1417 3091 statt

275 3128 460 3193 admonere.
1351 3191 1359 3201 ,

361 3230 392 3294 2.
438 3229 525 3292 Statt
557 3227 614 3291 des
644 3227 801 3293 Genetiva
830 3228 917 3294 steht
946 3225 1004 3292 der
1032 3228 1277 3292 Aoeusativ:
1314 3225 1415 3292 Plaut

223 3331 225 3336 ’
277 3331 375 3395 Poen.
397 3329 433 3408 4,
456 3330 492 3412 4,
517 3327 578 3393 102
599 3327 720 3414 eoquid'
743 3330 922 3396 meministi
949 3339 1040 3395 tuum
1068 3339 1240 3415 parentum
1268 3325 1415 3394 nomina?
1504 3329 1505 3338 ’

276 3433 372 3518 frgm.
395 3430 478 3495 (list.
493 3451 524 3516 p.
540 3429 602 3493 477
626 3429 801 3493 meminere
823 3431 971 3496 officium
990 3452 1093 3495 suum.
1125 3431 1246 3496 Baeoh.
1264 3431 1324 3496 190
1338 3427 1414 3494 obli-

276 3545 328 3598 tus
351 3553 421 3596 sum
438 3530 556 3596 omnia.
585 3530 684 3594 True.
699 3529 730 3611 2,
749 3532 777 3613 1,
794 3531 836 3594 22
859 3530 945 3618 quod
970 3531 1072 3615 dedit,
1095 3531 1130 3594 id
1145 3529 1282 3598 oblitust
1296 3531 1413 3596 datum.

360 3631 428 3698 cie.
452 3631 493 3698 de
515 3655 559 3696 or.
583 3633 614 3716 3,
628 3631 671 3697 50
691 3653 787 3718 quem
809 3642 845 3696 tu
866 3633 968 3719 probe
990 3633 1177 3698 meministi.
1209 3634 1300 3698 Brut
1318 3631 1361 3698 88
1382 3639 1417 3694 nt

276 3755 335 3799 sua
357 3743 389 3798 et
412 3743 594 3800 commenta
616 3743 649 3798 et
671 3734 795 3820 scripta
816 3743 849 3798 et
862 3771 905 3782 -—
920 3737 1029 3799 omnia
1050 3734 1312 3801 adversariorum
1331 3732 1417 3798 dieta

274 3835 484 3900 meminisset.
514 3858 543 3921 p.
569 3833 679 3900 Plane.
701 3835 743 3900 33
770 3835 827 3922 qui
854 3836 991 3922 patriae.
1007 3833 1166 3902 beneficia
1193 3837 1415 3902 meminerunt

274 3961 305 4026 p.
322 3937 408 4002 Soet.
423 3936 465 4000 29
487 3935 578 4002 illum
594 3935 690 4000 diem.
721 3935 777 4001 fin.
795 3938 824 4020 1,
843 3937 881 4001 18
896 3937 982 4001 bona
997 3937 1182 4024 praeterita
1208 3937 1240 4019 2,
1256 3937 1296 4002 20
1309 3957 1414 4022 quem.

274 4040 305 4124 2,
327 4040 370 4104 32
391 4037 524 4102 memini
552 4039 650 4103 etiam
673 4058 755 4124 quae
777 4037 872 4120 nolo,
901 4036 1051 4104 oblivisci
1078 4060 1142 4102 non
1172 4059 1301 4126 possum
1333 4057 1415 4124 qnae

274 4139 358 4206 volo.
388 4138 474 4206 Phil.
497 4141 534 4221 t,
559 4143 574 4202 l
598 4135 710 4205 multa.¹
738 4140 776 4222 5,
799 4139 819 4203 6
842 4140 979 4206 Cinnam
1003 4140 1143 4206 memini.
1181 4140 1236 4224 12,
1261 4139 1296 4204 11
1320 4135 1415 4202 eollo

274 4243 358 4327 quia.
381 4243 451 4308 Att.
470 4243 520 4324 11,
536 4241 577 4305 23
592 4249 665 4306 tuas
680 4238 819 4305 litteras.
846 4243 895 4324 13,
911 4241 953 4306 32
968 4242 1061 4306 caius
1077 4251 1219 4306 statuam
1241 4241 1274 4304 in
1290 4239 1414 4304 Isthmo

274 4341 459 4406 meminisse
474 4352 509 4407 te
523 4342 616 4407 diois.
645 4353 728 4430 post.
744 4343 812 4406 red.
829 4343 862 4408 in
886 4365 955 4408 sen.
984 4343 1005 4408 9
1020 4343 1083 4408 mei
1099 4343 1256 4430 temporis
1270 4343 1413 4406 iniurias.

273 4466 306 4531 p.
324 4443 412 4511 (lael.
428 4443 472 4506 20
493 4441 670 4510 obliviscor
691 4445 755 4508 iam
779 4443 915 4508 iniurias
938 4453 1022 4508 tuas.
1052 4469 1084 4532 p.
1100 4444 1177 4530 Lig.
1197 4443 1235 4509 12
1250 4440 1331 4508 nihil
1353 4443 1414 4505 nisi
1466 4455 1469 4458 ’
1504 4461 1505 4470 ’
