3034 5142
736 371 967 437 -216-

280 547 353 592 men
376 547 434 591 ros
457 563 498 596 -,
520 525 681 591 sooiomm
704 525 922 612 querimonias
946 524 1059 590 audire
1082 534 1255 612 oporteret.
1279 527 1309 606 ξ,
1332 523 1372 588 99
1392 523 1418 587 si
1470 597 1476 604 ¹

280 628 455 693 manifesto
477 629 510 692 in
534 626 692 692 maletieio
715 637 895 710 teneretur,
919 637 1045 710 tamen,
1075 649 1148 691 cum
1172 633 1339 691 accusator
1360 647 1418 689 non

279 731 420 812 adesset,
444 729 615 794 Sthenium
638 727 846 806 condemnari
869 751 931 794 non
956 738 1130 816 oporteret.
1152 729 1182 812 3,
1204 728 1257 810 40,
1281 729 1320 790 91
1333 728 1360 790 si
1378 727 1418 808 id,

280 833 365 918 quod
388 833 529 902 maxime
552 832 613 914 vis,
636 853 748 918 posses
773 833 910 917 probare
933 869 973 878 -
996 841 1106 896 tamen
1127 831 1190 896 hae
1213 830 1420 918 pecuniae-

279 933 341 998 tibi
370 934 477 999 fraudi
501 943 534 999 et
556 932 756 998 damnationi
779 955 851 998 esse
874 931 1041 998 deberent.
1070 933 1102 1015 4,
1125 933 1177 1015 31,
1201 933 1242 997 ‘10
1269 933 1296 997 si
1326 929 1420 994 iudex

240 1112 243 1133 α
280 1059 345 1100 non
369 1057 458 1100 esses
481 1075 520 1084 -
543 1045 575 1101 to
590 1035 793 1123 potissimum
809 1033 869 1100 hoe
885 1035 1034 1122 persequi
1050 1043 1224 1122 oporteret.
1247 1057 1279 1123 p.
1296 1031 1420 1098 Cluent.

259 1137 311 1219 .6,
337 1137 375 1201 18
398 1137 477 1202 mihi
499 1137 669 1224 ignoscere
691 1159 757 1204 non
779 1136 954 1220 deberetis,
978 1139 1006 1202 si
1028 1147 1181 1202 tacerem.
1212 1159 1243 1224 p.
1273 1135 1372 1201 Areh.
1394 1135 1420 1206 11,

282 1240 320 1303 11
344 1239 430 1325 quod
454 1241 482 1304 si
504 1241 567 1328 ipsi
589 1239 670 1304 haee
690 1261 796 1326 neque
818 1240 980 1325 attingere
1002 1261 1107 1326 neque
1130 1261 1227 1305 sensu
1242 1247 1355 1302 nostro
1368 1259 1420 1322 gn-

280 1349 366 1405 stare
388 1363 568 1427 possemus,
592 1352 701 1407 tamen
724 1363 763 1406 ea
784 1340 895 1406 mirari
918 1339 1123 1408 deberemus.
1167 1340 1230 1408 Mit
1252 1341 1329 1404 dem
1352 1338 1420 1403 (19-
1508 1323 1509 1338 ’

279 1441 510 1508 rundivum:
535 1443 630 1508 Verr.
652 1444 683 1525 5,
706 1443 759 1525 40,
786 1443 846 1508 103
873 1465 948 1506 num
978 1444 1012 1508 id
1043 1443 1175 1529 quidem
1207 1453 1293 1507 esset
1324 1441 1420 1505 feren-

280 1545 369 1610 dum.
412 1545 486 1611 Liv.
509 1545 562 1629 22,
585 1545 637 1626 60,
660 1544 677 1610 1
702 1544 780 1632 quid
803 1545 889 1609 enim
906 1542 994 1610 aliud
1011 1568 1107 1633 quem
1123 1543 1326 1611 admonendi
1342 1565 1421 1608 esse-

279 1648 321 1710 tis
344 1656 381 1712 ut
402 1656 458 1713 ott.
482 1685 519 1695 -
545 1639 758 1712 Naoheinem
774 1645 953 1712 Relativ:
979 1647 1074 1713 Verr.
1090 1649 1120 1719 4,
1137 1649 1188 1731 31,
1206 1648 1247 1712 11)
1265 1647 1324 1733 qni
1339 1645 1422 1732 apud
1508 1681 1509 1702 r

279 1748 380 1814 alium
409 1748 550 1814 iudicem
578 1747 680 1814 multo
707 1750 812 1814 aerior
836 1787 873 1796 —
902 1771 972 1814 esse
1001 1749 1147 1818 deberes.
1176 1751 1253 1815 fam.
1276 1749 1309 1832 3,
1336 1747 1421 1830 11,3
1508 1765 1509 1778 ¹

279 1873 363 1937 quae
392 1850 524 1938 quidem
553 1889 592 1899 -
621 1850 704 1915 tueri
735 1850 817 1916 tales
846 1851 934 1916 viros
960 1850 1103 1918 deberet.
1126 1891 1170 1903 -
1191 1851 1342 1917 Seltener
1363 1871 1419 1916 ron

279 1952 338 2016 der
360 1951 709 2039 Vergangenheit:
734 1951 775 2017 de
797 1975 865 2019 sen.
888 1953 918 2036 3,
942 1953 960 2023 7
990 1955 1046 2040 qui
1073 1955 1153 2018 mihi
1180 1975 1246 2019 non
1274 1953 1309 2018 id
1339 1950 1420 2017 vide
1508 2017 1509 2022 ,

279 2053 398 2119 bantur
420 2076 583 2137 aeensere,
607 2055 692 2142 quod
717 2064 802 2120 esset
824 2055 1042 2120 accusandum
1065 2056 1192 2142 (httten
1214 2053 1372 2141 mdssen).
1508 2141 1509 2144 Ἴ

364 2156 449 2222 Dem
472 2155 710 2242 entspreohend
733 2157 791 2222 der
813 2158 1065 2245 Oonjunetiv
1094 2157 1162 2223 des
1191 2156 1419 2245 Plusquam·
1508 2147 1509 2160 ¹

279 2258 476 2344 perfecta,
507 2280 562 2323 um
590 2258 644 2322 die
667 2258 993 2324 Niehtwirkliehkeit
1021 2259 1054 2324 in
1077 2259 1135 2324 der
1157 2257 1421 2347 Vergangenheit
1508 2251 1509 2260 ’

278 2359 563 2426 hervorzuheben:
588 2361 681 2426 Verr.
704 2361 736 2446 2,
759 2361 812 2444 40,
835 2361 877 2427 98
900 2363 927 2427 si
951 2361 1010 2427 abs
1040 2369 1073 2426 te
1095 2362 1192 2427 istam
1211 2383 1284 2426 rem
1308 2381 1420 2448 parens

278 2471 354 2526 tuus
380 2499 416 2510 -
440 2463 586 2548 petisset,
615 2463 812 2548 gravissima
839 2474 949 2530 tamen
978 2463 1064 2551 apud
1093 2471 1125 2528 te
1148 2463 1301 2530 voluntas
1324 2462 1420 2550 patris

279 2583 350 2628 esse
377 2563 554 2630 debuisset.
605 2564 668 2630 Mit
695 2563 768 2630 dem
800 2557 1219 2632 Gerundivumt'Verr.
1247 2567 1280 2648 5,
1309 2563 1340 2646 2,
1361 2563 1420 2628 bo

279 2688 344 2752 quo
367 2665 415 2731 illi
438 2676 557 2732 conatu
580 2687 642 2732 non
665 2675 756 2734 tanto
780 2690 878 2755 opere
906 2665 1103 2755 prohibendi
1130 2667 1287 2750 fuissent,
1317 2667 1345 2731 si
1367 2673 1420 2729 ott.

278 2765 430 2851 091113,
454 2770 484 2852 1,
510 2769 548 2833 11
572 2755 681 2834 tamen
707 2807 739 2815 -
766 2769 988 2835 dimicandum
1010 2771 1105 2835 nobis
1127 2793 1201 2835 eum
1225 2768 1282 2834 illo
1298 2768 1418 2833 fuisset.

277 2869 392 2934 -1m
414 2869 717 2936 Relativsatze:
752 2869 839 2936 Flor.
862 2873 894 2953 3,
920 2871 969 2954 19,
992 2873 1010 2935 1
1033 2871 1154 2959 itaque,
1179 2871 1235 2958 qui
1259 2893 1318 2958 per
1339 2867 1419 2952 iugi·

277 2973 412 3039 tiverius
434 2972 556 3038 retrahi
578 2973 781 3056 debuissent,
805 2975 986 3060 praetorios
1009 2972 1109 3039 duces
1126 2972 1285 3059 profugos
1301 2968 1418 3059 proelio

277 3075 341 3162 ipsi
364 3076 595 3162 sequebantur.
676 3127 681 3136 ,

361 3200 389 3242 c.
424 3175 493 3242 Der
530 3175 737 3243 Indioativ
774 3176 844 3241 des
881 3175 1265 3263 periphrastisehen
1302 3174 1418 3240 Futu-

277 3297 398 3342 rums:
421 3278 496 3343 Liv.
519 3278 571 3361 22,
594 3278 646 3359 22,
673 3279 710 3342 19
738 3279 840 3344 maior
868 3277 1035 3365 aliquanto
1064 3278 1286 3344 Romanorum
1315 3274 1419 3360 gratia

276 3378 341 3443 fuit
359 3379 392 3443 in
415 3401 451 3444 re
473 3380 557 3466 pari,
580 3403 677 3467 quom
700 3388 823 3467 quante
845 3379 956 3445 futura
975 3379 1296 3466 Carthaginiensium
1318 3379 1419 3442 fueret

277 3483 465 3566 („gewesen
487 3485 624 3565 wttre“).
663 3482 755 3548 Curt.
778 3483 806 3560 5,
834 3483 862 3564 1,
889 3483 925 3546 17
948 3491 1060 3567 gratus
1082 3482 1244 3547 adventus
1267 3483 1335 3546 eius
1350 3477 1419 3561 regi

276 3581 357 3666 fuit,
385 3584 507 3672 quippe
535 3585 645 3669 magni
673 3585 779 3672 operis
808 3583 935 3650 obsidio
963 3582 1077 3648 futura
1098 3595 1168 3650 erat
1189 3593 1256 3649 tam
1279 3581 1417 3646 munitae

275 3683 367 3751 urbis
392 3686 438 3770 (d.
461 3685 493 3751 h.
518 3685 572 3750 die
595 3685 801 3772 Belagerung
823 3686 934 3751 witrde
957 3685 1033 3750 sehr
1055 3685 1231 3771 schwierig
1247 3680 1417 3772 geworden

276 3787 359 3870 sein,
382 3811 477 3854 wenn
499 3787 653 3852 Mazaeus
676 3787 744 3853 sich
766 3787 858 3853 nieht
880 3788 1022 3874 ergeben
1044 3787 1160 3873 hatte).
1206 3786 1293 3852 Flor.
1320 3788 1343 3866 1,
1371 3781 1416 3862 18,

280 3889 315 3951 ll
341 3891 477 3972 exitum,
501 3910 596 3975 quem
619 3888 737 3954 datura
759 3891 864 3954 virtus
888 3889 957 3964 fuit,
981 3911 1077 3954 casus
1092 3890 1194 3955 dedit.
1212 3927 1248 3938 -·
1262 3885 1417 3969 Htiutiger

276 3989 352 4054 sind
374 3990 464 4056 disse
486 3989 638 4072 Formen,
662 4014 755 4056 wenn
777 4014 844 4057 von
866 3991 964 4057 ihnen
987 3993 1040 4056 ein
1055 3991 1340 4078 Bedingungssate
1361 3985 1414 4050 ab·

277 4090 394 4175 httngt3
418 4093 570 4158 hieritber
592 4115 618 4156 s.
641 4093 701 4182 Th.
725 4093 784 4159 IV.
1031 4127 1034 4134 ·

361 4196 391 4275 ξ.
417 4194 486 4260 145.
534 4193 610 4259 Wie
626 4194 679 4261 die
701 4194 813 4260 Verba
836 4194 895 4260 der
917 4194 1134 4282 Mbgliobkeit
1156 4194 1222 4260 und
1245 4192 1412 4259 Nothweu·

276 4293 418 4379 digheit,
442 4296 555 4362 stehen
577 4295 660 4361 aueb
682 4298 838 4382 gewisse,
863 4297 895 4360 in
923 4298 980 4362 der
1002 4297 1104 4383 Rege}
1133 4291 1412 4384 impersonelle

276 4393 486 4479 Ausdriteke,
509 4397 631 4463 welche
654 4400 809 4465 meistens
833 4398 935 4464 dureh
959 4401 1011 4464 ein
1039 4399 1245 4465 neutrales
1268 4395 1409 4482 Adjec-

276 4497 335 4569 111
359 4499 521 4584 (aeqmrm,
545 4499 659 4565 melius
683 4525 715 4566 u.
737 4503 781 4588 u.)
804 4500 883 4566 oder
898 4501 950 4565 ein
967 4503 1159 4570 Substantiv
1175 4502 1232 4570 mit
1247 4501 1316 4567 dem
1332 4495 1410 4562 Ver·
