3056 5144
724 371 983 461 karso-

297 547 477 634 Naupacto.
512 547 604 644 Vipg.
628 548 670 611 A.
691 549 723 629 4,
747 549 789 613 36
810 548 909 634 Tyro.
932 549 1054 614 Vitruv
1076 548 1106 630 3,
1133 548 1154 611 2
1175 569 1208 611 u.
1231 549 1250 612 7
1273 547 1335 634 pri.
1357 547 1426 611 Teo.

298 648 387 735 Hyg.
420 649 485 713 iah.
513 649 553 712 67
582 648 750 715 Corintho.
785 651 846 714 247
873 648 970 714 Delo.
1004 649 1082 713 Tae.
1111 671 1186 712 ann.
1214 650 1251 730 3,
1278 651 1314 712 61
1341 647 1425 712 Deio.

298 749 385 814 Flor.
408 751 440 831 4,
463 749 492 830 2,
518 749 557 812 19
579 749 735 814 Arimino.
767 750 852 815 Just.
875 751 906 832 2,
932 751 971 814 13
993 750 1124 835 Abydo.
1154 749 1206 831 20,
1228 751 1249 815 3
1272 748 1425 815 Corintho.

297 850 346 914 Im
364 849 545 936 Spatiatein
568 849 724 934 haufiger,
748 851 811 914 wie
831 875 858 916 z.
876 851 913 915 B.
934 853 1025 916 Laut.
1047 873 1090 914 m.
1110 872 1196 936 pers.
1220 851 1250 931 6,
1273 851 1294 913 2
1315 850 1426 914 Caene

297 951 431 1039 phrurio
453 951 590 1015 iacebat.
635 952 793 1036 Dagegen
821 953 865 1016 ist
887 955 919 1017 in
948 950 1123 1036 folgenden
1147 951 1271 1016 Stellen
1293 951 1345 1015 ein
1366 951 1426 1016 Ab·

299 1052 379 1117 iativ
411 1052 470 1116 der
497 1043 707 1116 Herkunft
742 1053 847 1137 (nicht
879 1052 939 1117 der
970 1053 1145 1135 Ortsruhe)
1180 1077 1220 1116 zu
1256 1053 1426 1117 erkennen:

298 1155 365 1218 Cic.
399 1155 491 1218 Brut.
527 1154 581 1233 18,
614 1154 655 1217 12
687 1164 817 1240 captum
848 1154 990 1218 Tarento
1024 1155 1155 1240 scripsit
1187 1155 1304 1218 Livius
1337 1159 1429 1241 (,‚von

297 1255 420 1320 Terent
441 1256 741 1342 mitgenommen‘h.
787 1255 881 1319 Verr.
903 1257 935 1338 4,
958 1255 1000 1320 38
1023 1256 1154 1340 signum
1178 1293 1216 1304 -
1240 1254 1429 1340 Carthagine

298 1367 437 1442 captum.
473 1356 567 1421 Caes.
598 1358 629 1420 b.
659 1379 687 1420 c.
713 1359 738 1438 l,
762 1359 804 1422 34
832 1357 977 1422 Corfinio
1005 1367 1136 1442 captum
1161 1357 1232 1443 ipse
1260 1356 1427 1421 dimiserat
1497 1368 1498 1448 ᾗ

297 1460 334 1539 2,
367 1459 409 1522 28
444 1479 526 1544 quas
559 1458 703 1523 Cortinio
736 1463 913 1545 receperat.
958 1459 995 1538 3,
1038 1459 1098 1522 105
1134 1459 1292 1544 pecunias
1325 1455 1427 1522 tollere
1497 1511 1498 1520 ,

298 1559 441 1647 Epheso.
487 1559 570 1621 Hier
591 1559 674 1623 wird
702 1558 756 1622 die
778 1557 974 1644 Bedeutung
1001 1558 1060 1623 der
1081 1558 1238 1624 Ablative
1260 1557 1360 1623 durch
1380 1556 1426 1621 die

299 1661 384 1724 dazu
417 1659 597 1744 gelrbrigen
629 1660 740 1726 Verba
777 1659 979 1745 hinlsnglich
1020 1659 1194 1724 bestimmt.
1230 1695 1270 1708 —
1303 1659 1345 1723 Ia
1374 1681 1425 1722 sor

299 1759 532 1827 sustenemen
560 1761 642 1826 wird
675 1761 759 1826 nach
792 1760 978 1826 schlechten
999 1761 1164 1826 'Lesarten
1193 1785 1257 1827 ron
1283 1759 1422 1825 Ruddirn.

299 1865 333 1928 11
357 1863 390 1928 S.
412 1863 475 1927 269
497 1862 541 1947 fg.
565 1862 749 1948 angefiihrt,
772 1864 816 1927 ist
839 1864 917 1928 aber
939 1886 980 1928 zu
1002 1862 1193 1928 verwerfen.

384 1966 422 2032 B.
468 1964 540 2028 Von
574 1962 864 2052 Appellativis.
908 1963 1029 2028 Holtze
1061 1964 1150 2029 citirt
1181 1985 1241 2028 aus
1275 1963 1421 2029 Naevius:

298 2067 409 2131 utrubi
431 2067 576 2131 cenaturi
599 2069 688 2149 estis,
711 2067 820 2130 hicine
840 2087 881 2129 an
905 2065 1072 2131 triclinio?
1095 2067 1192 2131 Cato:
1215 2065 1286 2131 loco
1306 2064 1422 2143 salubri,

298 2170 368 2234 loco
397 2168 497 2250 bono,
527 2168 646 2253 quibus
670 2167 766 2250 locis,
794 2165 875 2232 iocis
904 2167 1046 2252 aquosis.
1093 2168 1235 2232 Ennius:
1264 2189 1328 2253 quo
1353 2167 1422 2244 loeo,

298 2291 395 2333 curru
423 2269 626 2356 quadriiugo.
666 2269 773 2334 Plaut.
802 2268 899 2334 Most.
927 2269 991 2334 254
1024 2291 1106 2333 suon
1138 2270 1281 2356 quidque
1311 2265 1423 2334 locust?

297 2371 417 2436 Pseud.
440 2371 501 2434 317
525 2380 581 2434 aut
602 2381 689 2435 terra
711 2372 882 2436 autmari.
911 2371 1012 2435 Mero.
1034 2372 1074 2436 57
1098 2381 1167 2436 tota
1188 2372 1279 2436 urbe.
1310 2369 1379 2434 Cas.
1398 2367 1423 2448 4,

301 2475 329 2548 1,
351 2475 372 2538 5
394 2473 471 2537 totis
494 2471 643 2538 aedibus.
678 2473 754 2537 Ter.
782 2472 848 2538 Ad.
877 2473 908 2555 3,
935 2473 966 2557 2,
993 2473 1035 2536 46
1063 2474 1174 2560 peiore
1199 2494 1252 2537 res
1282 2472 1350 2538 loco
1369 2491 1423 2533 uon

299 2575 384 2661 potis
414 2583 463 2638 est
490 2595 559 2638 esse
593 2595 688 2660 quam
717 2576 750 2639 in
780 2595 843 2660 quo
877 2597 962 2639 nunc
989 2575 1095 2639 sitast.
1143 2574 1306 2660 Degegen
1331 2570 1423 2636 Plaut
1498 2605 1499 2666 q

297 2675 415 2740 Bacch.
453 2675 534 2740 1039
567 2678 595 2740 si
626 2678 662 2740 iu
694 2676 778 2740 istoc
811 2677 873 2740 sim
905 2676 987 2741 loce.
1041 2676 1175 2740 Ardere
1208 2675 1346 2754 Stellen,
1381 2671 1425 2736 die

298 2777 417 2842 Holtze
432 2779 449 2842 Ι
465 2777 497 2842 S.
514 2778 555 2842 75
577 2777 736 2861 anfft'rhrt,
760 2776 852 2842 ziehe
874 2777 925 2842 ich
948 2777 1038 2842 nieht
1060 2776 1198 2843 hierher.
1244 2777 1321 2842 Man
1343 2774 1425 2854 sicht,
1498 2777 1499 2780 ’

299 2879 375 2944 dass
403 2881 509 2943 dieser
539 2878 715 2944 Gebraueh
743 2881 777 2942 in
804 2880 864 2944 der
891 2880 979 2944 alten
1006 2880 1081 2944 Zeit
1111 2878 1175 2942 viel
1205 2877 1425 2944 besehrstnhter

298 2979 410 3044 istuis
433 2989 554 3067 ephter.

383 3085 453 3147 Ans
477 3081 535 3146 der
557 3081 816 3148 klassisohen
839 3082 977 3147 Periode
1004 3083 1077 3148 sind
1107 3083 1262 3168 folgende
1284 3081 1425 3149 Ablatire

299 3207 340 3247 zu
368 3183 560 3266 hemerken,
595 3207 660 3250 von
688 3185 794 3250 denen
822 3185 875 3250 die
904 3185 1041 3250 meisten
1069 3187 1127 3249 mit
1155 3188 1261 3250 einem
1290 3184 1425 3252 Attribut

300 3286 491 3349 verbunden
512 3287 692 3352 austreten:
1402 3343 1407 3352 .

382 3409 413 3452 a.
444 3393 529 3452 terra
551 3389 618 3452 und
640 3391 734 3469 nturi,
756 3389 962 3474 gewbhniieh
984 3391 1042 3454 rnit
1063 3390 1220 3455 einander
1234 3389 1424 3466 verbunden,

299 3488 441 3553 seltener
468 3489 566 3554 aliein
595 3491 734 3555 stehend
767 3491 847 3556 oder
879 3491 1108 3578 asyndetisch,
1141 3494 1203 3557 wie
1231 3493 1306 3558 Liv.
1336 3494 1366 3574 l,
1391 3489 1424 3551 25

298 3590 436 3666 multum
459 3588 507 3655 ilii
530 3601 627 3674 terra,
655 3591 832 3679 plurimum
854 3594 937 3657 mari
959 3591 1091 3680 pollent.
1114 3595 1167 3675 44,
1190 3594 1232 3657 22
1255 3615 1319 3681 qua
1339 3603 1423 3666 terra,

299 3691 380 3756 mari
403 3691 628 3758 subvehantur
650 3685 860 3759 commeatus.
904 3696 988 3759 Dent
1012 3695 1127 3759 Cicero
1154 3694 1217 3780 gite
1239 3696 1310 3760 dies
1332 3695 1424 3779 Asyn-

300 3793 398 3857 deton
426 3792 508 3857 ohne
532 3794 694 3881 Pritposit.
723 3795 807 3860 noch
835 3795 889 3860 ihr
915 3795 1129 3862 dichterisch:
1145 3796 1202 3861 de
1229 3797 1281 3862 fin.
1311 3799 1342 3878 5,
1362 3791 1425 3877 4,9

298 3903 415 3958 natura
437 3896 485 3959 sic
507 3895 549 3960 ab
572 3897 612 3961 iis
636 3899 832 3982 investigata
859 3906 918 3978 est,
948 3907 984 3962 ut
1011 3897 1102 3962 nulla
1123 3921 1200 3984 pars
1222 3900 1323 3982 eaelo,
1344 3894 1423 3974 mari,

298 4005 386 4060 terra
405 3995 456 4081 (ut
478 3999 602 4083 poetice
624 3999 749 4085 loquar)
772 4001 1001 4085 praetermissa
1022 4001 1074 4063 sit.
1116 3999 1215 4065 Sonst
1235 3999 1338 4065 heisst
1358 3995 1426 4080 ,sui

299 4099 371 4162 dem
394 4097 531 4164 Lande“
559 4102 595 4164 in
622 4105 724 4182 iuro,
754 4101 815 4164 wie
842 4099 917 4166 Liv.
949 4101 997 4182 10,
1020 4101 1052 4184 2,
1078 4101 1117 4164 10
1138 4111 1172 4165 et
1199 4103 1234 4167 in
1257 4113 1344 4167 terra
1363 4120 1423 4186 pro-

299 4219 430 4284 sperum
453 4237 494 4248 —-
516 4200 674 4287 proelium
701 4201 817 4266 fuerat.
852 4201 910 4284 22,
941 4203 998 4285 19,
1027 4203 1045 4266 7
1074 4203 1106 4266 in
1136 4212 1225 4267 terra
1252 4212 1285 4268 et
1311 4201 1421 4268 castris.

299 4301 350 4379 37,
366 4301 455 4384 29,5
478 4304 741 4390 trepidatumque
763 4325 837 4367 eum
860 4301 1005 4389 periculo
1027 4305 1114 4368 etin
1136 4305 1219 4369 mari
1242 4307 1328 4370 etin
1350 4315 1421 4368 terra

300 4401 394 4465 ferret.
429 4403 503 4468 Sen.
538 4404 629 4468 brev.
656 4405 714 4468 vit.
746 4405 799 4484 16,
828 4406 850 4469 5
875 4403 1125 4492 perditurusque
1157 4405 1240 4472 alios
1273 4409 1306 4472 in
1337 4414 1419 4482 terra,

299 4500 381 4570 alios
404 4505 437 4567 in
460 4504 553 4588 mari,
581 4505 662 4570 alios
689 4507 723 4568 in
752 4505 891 4592 proelio,
920 4506 1001 4572 aiios
1027 4507 1061 4571 in
1090 4506 1179 4594 fuga.
1224 4511 1268 4574 So
1296 4507 1374 4572 auch
1392 4509 1420 4566 0
