3070 5146
588 343 736 409 -585
779 383 821 393 -

121 497 269 564 Sachen.
299 497 405 566 Plaut.
429 499 520 584 Capt.
542 496 623 584 prol.
647 499 689 562 30
711 497 752 562 de
775 518 900 562 summo
923 519 1042 580 genere
1067 535 1104 545 -
1130 498 1279 584 equitem.

121 599 226 684 Virg.
258 601 342 670 Aen.
375 600 409 680 9,
442 599 507 666 284
538 601 579 664 de
611 609 709 684 gente
742 607 883 664 vetusta.
915 598 980 689 ⁴So
1015 597 1193 664 besonders
1229 601 1280 667 bei

120 701 310 784 Dichtern,
340 701 465 766 11501011
493 710 572 767 statt
593 703 635 767 ab
657 701 736 766 oder
762 710 843 766 statt
870 701 928 766 des
957 697 1090 766 blossen
1113 699 1278 767 Ablativs.

119 803 294 868 Aehnlich
317 805 501 868 denotatae
528 800 623 886 (statt
646 804 681 890 a)
704 803 756 868 bei
780 801 867 866 Ovid
892 801 961 866 und
983 800 1061 866 Tac.
1084 824 1159 867 aun.
1185 806 1214 884 1,
1241 803 1279 868 15

119 902 225 970 ludos
260 906 316 990 qni
350 905 391 968 de
426 905 557 970 nomine
587 904 730 990 Augusti
765 941 803 950 -
837 902 1037 989 Augustales
1071 914 1277 972 vocarentur.
1321 959 1325 967 ,

121 1007 292 1092 Dagegen
321 1003 388 1070 010.
416 1004 499 1070 Phil.
528 1007 565 1079 4,
594 1007 614 1070 2
647 1004 730 1092 legio
759 1005 896 1089 Martia,
927 1028 1010 1092 quae
1037 1006 1117 1071 mibi
1145 1005 1279 1073 videtur

120 1107 292 1172 divinitus
314 1108 355 1173 ab
378 1127 416 1172 eo
438 1106 499 1172 deo
521 1109 663 1173 traxisse
686 1128 813 1172 nomeu.
840 1145 878 1154 -
909 1107 1009 1173 Curio
1032 1129 1084 1195 ap.
1109 1107 1176 1172 010.
1200 1108 1277 1174 fam.

121 1211 153 1292 1,
179 1208 227 1274 29
251 1207 428 1274 decadem
451 1207 561 1273 fidelia
583 1205 747 1274 dealbare.
779 1207 848 1274 Cic.
872 1219 952 1276 orat.
972 1211 1010 1275 15
1026 1209 1278 1276 declamatorem

118 1309 274 1398 aliquem
297 1308 438 1375 deludo
467 1321 523 1375 aut
551 1310 699 1375 rabulam
727 1310 767 1374 de
794 1310 875 1379 foro.
914 1310 981 1375 div.
1009 1311 1052 1376 55
1080 1333 1193 1377 remex
1220 1312 1276 1379 1110

121 1412 167 1476 (10
193 1411 302 1477 classe
326 1412 473 1498 Coponii.

214 1511 341 1598 Htufig
361 1513 554 1580 bezeichnet
574 1537 640 1579 nun
662 1516 699 1579 dc
719 1515 778 1578 mit
794 1515 897 1578 einem
914 1515 1039 1579 Nomen
1055 1513 1115 1580 das
1132 1517 1275 1601 Ganze,

122 1601 374 1680 von'welchem
397 1615 449 1679 ein
470 1615 588 1681 Theil
611 1623 817 1682 entuommen
839 1616 892 1698 ist,
915 1639 951 1681 so
974 1618 1050 1682 dass
1074 1640 1107 1682 es
1131 1619 1165 1682 in
1187 1641 1275 1682 man-

121 1718 211 1783 cben
244 1716 360 1782 Fallen
389 1719 455 1781 und
490 1717 686 1784 namentlich
717 1718 764 1782 im
791 1703 974 1805 Spttlateiu
1008 1717 1071 1782 den
1099 1720 1276 1806 partitiveu

121 1821 275 1886 Genetiv
297 1820 438 1888 vertritt.
476 1818 582 1884 Plaut.
610 1819 729 1884 Bacch.
759 1819 800 1884 98
827 1819 935 1884 100010
957 1832 1123 1907 sumptum
1146 1822 1186 1887 de
1208 1833 1275 1888 tuo.

122 1923 219 1986 Men.
245 1921 305 1986 149
328 1921 445 2008 ecquid
469 1920 569 1986 audes
602 1921 643 1986 de
665 1932 726 2006 tuo
754 1921 839 1986 istuc
861 1923 995 1987 addere.
1046 1922 1136 1990 Eben
1158 1945 1209 1989 so:
1233 1925 1274 1990 de

120 2033 241 2090 vostro
265 2022 380 2106 vivito,
404 2023 444 2088 de
467 2045 540 2088 mea
562 2025 715 2111 pecunia,
743 2024 790 2088 nil
819 2023 967 2110 gustabit
995 2024 1036 2086 de
1064 2045 1145 2089 meo.
1181 2025 1274 2090 Trin.

121 2126 189 2191 349
214 2123 555 2208 demaguisdivitiis
579 2125 708 2212 siquid
735 2127 859 2190 demae.
890 2126 954 2190 415
983 2125 1010 2190 si
1039 2126 1080 2190 de
1109 2125 1275 2193 damnosis

122 2238 184 2294 aut
213 2228 242 2291 si
270 2228 311 2292 do
341 2226 541 2292 amatoribus
570 2226 711 2292 dictator
737 2229 804 2292 1101.
856 2226 963 2292 Schon
990 2229 1023 2291 iu
1052 2228 1159 2293 dieser
1188 2229 1275 2294 alten

124 2329 206 2394 Zeit
228 2339 309 2393 statt
331 2327 389 2393 des
413 2326 587 2412 Genetivs3
610 2351 636 2393 s.
661 2329 694 2392 S.
716 2327 791 2410 423,
817 2328 866 2392 10.

214 2431 284 2496 Seit
307 2429 365 2496 der
387 2428 593 2496 klassischeu
609 2430 697 2495 Zeit:
721 2431 811 2495 homo
833 2431 870 2494 de
889 2431 975 2512 plebe
996 2431 1111 2513 „einer
1133 2455 1193 2498 aus
1217 2435 1275 2498 der

123 2533 262 2603 Ρ10110.“
299 2533 367 2597 010.
397 2531 489 2606 Brut.
525 2533 563 2596 14
596 2533 636 2596 (10
671 2532 767 2619 plebe
796 2531 960 2616 consulem
989 2555 1054 2598 nou
1082 2535 1273 2621 accipiebat.

124 2635 200 2705 Liv.
231 2635 267 2719 6,
296 2634 338 2698 42
366 2633 405 2700 L.
436 2633 569 2698 Sextius
598 2633 639 2698 de
666 2656 697 2720 p.
726 2635 849 2722 primus
878 2635 991 2699 consul
1018 2637 1135 2701 fectus.
1174 2639 1204 2718 7,
1235 2639 1272 2702 17

122 2738 269 2803 dictator
296 2736 332 2801 0.
355 2733 497 2800 Marcius
520 2734 650 2801 Rutilus
679 2738 801 2822 primus
829 2736 869 2800 de
897 2735 992 2820 plebe
1021 2737 1137 2804 dictus.
1169 2738 1273 2820 (Aber

122 2843 158 2925 0,
189 2839 231 2904 31
260 2859 298 2903 en
324 2838 444 2925 plebe).
489 2831 629 2902 ‘Sodanu
658 2837 691 2900 iu
721 2835 973 2922 mannigfachen
1003 2838 1272 2925 Verbinduugen‚

123 2937 329 3008 namentlich
361 2939 415 3004 bei
443 2933 977 3023 Zablbestimmuugenund
1011 2941 1272 3006 indefinitam

124 3045 359 3110 Pronomen.
391 3040 470 3106 010.
494 3039 591 3105 11000.
614 3041 689 3105 Am.
712 3040 754 3105 35
776 3041 817 3104 do
839 3041 945 3108 tribus
969 3051 1002 3106 et
1024 3041 1137 3108 decem
1160 3043 1272 3108 fundis

122 3158 193 3212 tres
223 3141 443 3210 nobilissimos
472 3143 591 3207 fundos
621 3164 695 3206 eum
724 3143 820 3209 video
848 3144 1027 3230 possidere.
1063 3145 1097 3208 in
1119 3143 1227 3210 Vatin.
1253 3147 1270 3210 t

123 3248 166 3313 (10
190 3246 310 3333 quibus
333 3245 414 3310 duos
441 3244 547 3310 vides.
583 3245 650 3310 div.
682 3247 715 3327 1,
744 3245 784 3309 41
815 3246 856 3308 (10
883 3245 1067 3334 principum
1096 3244 1172 3312 filiis
1201 3267 1270 3312 sex.

123 3352 214 3435 legg.
237 3349 269 3431 3,
293 3349 310 3412 7
334 3345 478 3433 aliquem
501 3345 542 3410 de
564 3346 679 3412 tribus.
723 3346 818 3411 Mehr
841 3346 962 3413 Stellen
985 3369 1043 3412 aus
1067 3347 1180 3413 Cicero
1203 3349 1270 3414 und
1354 3431 1357 3438 Ι

122 3452 271 3516 anderen
304 3449 365 3512 mit
398 3468 491 3532 tratre,
523 3449 616 3532 sotto,
645 3450 778 3532 aliquis,
808 3451 990 3532 qrtisqrrom,
1019 3469 1124 3532 neruo,
1153 3451 1270 3534 001100,

89 3631 94 3640 ,
123 3553 224 3634 attat,
258 3551 467 3616 00000111οο
495 3551 557 3614 wie
583 3552 643 3616 mit
672 3549 797 3614 Zahlen
825 3551 892 3616 und
922 3550 1151 3638 Suporlativcn
1181 3574 1206 3615 s.
1235 3553 1268 3618 S.

121 3654 326 3738 423,10.-
349 3653 419 3717 Αο0
441 3651 586 3717 Livius
609 3654 654 3717 ist
675 3653 757 3718 noch
780 3653 996 3718 anzuftihren:
1021 3655 1073 3735 25,
1096 3654 1138 3717 22
1161 3653 1268 3718 doser-

123 3771 214 3823 tores
245 3755 286 3820 dc
315 3755 463 3820 exercitu
490 3753 653 3820 volonum.
695 3754 735 3820 21
743 3803 751 3836 ,
780 3757 800 3820 3
827 3753 915 3820 mille
943 3754 1062 3820 milites
1092 3755 1133 3820 de
1162 3775 1268 3822 exerc.

123 3859 264 3924 urbano.
294 3855 558 3940 21,43(101010
583 3858 727 3922 exercitu
751 3895 789 3905 -
814 3859 901 3944 quod
924 3858 1049 3924 roboris
1072 3867 1152 3939 0101,
1183 3856 1268 3923 dele·

124 3960 186 4048 git.
214 3959 248 4038 4,
269 3959 311 4022 46
335 3968 367 4023 01
389 3957 478 4046 quod
506 3959 594 4024 oirca
621 3960 745 4026 roboris
768 3959 809 4024 de
832 3981 941 4025 exerc.
964 3961 1039 4025 fuit.
1069 3959 1121 4042 29,
1145 3961 1186 4024 36
1209 3959 1266 4024 du·

123 4061 212 4128 centi
235 4060 277 4124 de
300 4081 406 4125 exerc.
434 4060 608 4126 interfecti.
643 4063 699 4146 30,
729 4063 768 4128 18
794 4062 860 4127 duo
888 4061 979 4125 milia
1007 4071 1039 4126 et
1067 4063 1204 4126 trecenti
1227 4063 1267 4126 (10

123 4183 233 4230 exerc.
257 4164 418 4249 praetoris
434 4199 476 4212 -
491 4164 613 4233 amissi.
643 4169 694 4248 33,
714 4169 756 4233 36
775 4163 898 4234 tribuni
914 4163 955 4229 de
970 4163 1097 4248 legione
1112 4163 1265 4228 secunda-

123 4269 183 4348 35,
218 4265 260 4330 30
293 4265 351 4328 vix
384 4275 500 4352 quarta
527 4281 609 4349 pars
636 4256 673 4320 de
700 4261 760 4320 101⁰
788 4279 894 4330 exere.
922 4267 1036 4330 evasit.
1072 4265 1128 4348 40,
1156 4263 1198 4331 48
1225 4266 1266 4330 (10

61 4379 68 4390 ”
124 4389 234 4436 exerc.
252 4367 403 4432 Romano
426 4377 553 4434 centum
577 4389 693 4434 novem
716 4366 911 4433 ceciderant.

212 4469 284 4534 Wie
308 4467 451 4553 Plautus,
480 4469 681 4537 bezeichnen
708 4468 791 4534 auch
813 4468 987 4534 Klassiker
1013 4469 1081 4534 und
1104 4469 1182 4559 Spp.
1205 4471 1265 4538 das
