3142 5144
621 351 828 416 ,69-

148 521 417 586 Attributivsutze
444 519 598 604 (Particip
622 520 698 585 oder
719 519 892 604 Adjectir).
936 519 999 584 Mit
1021 519 1218 607 Ergbnzung
1239 521 1294 586 des

146 617 430 708 rorsnfgehenden
463 619 638 686 Verbums:
672 619 763 706 Virg.
797 622 836 685 A.
867 620 904 705 6,
935 621 998 686 593
1030 641 1095 685 non
1123 621 1177 686 ille
1207 621 1294 686 foces

148 723 230 810 (scil.
255 723 439 808 contorsit).
757 789 762 796 ,

228 827 261 906 ξ.
283 825 335 888 40.
360 823 427 888 Das
453 821 750 886 Demonstratirum
777 823 806 888 is
832 822 943 888 weiset
971 822 1085 888 immer
1112 821 1170 887 aul
1198 823 1293 887 einen

144 923 429 1010 voraufgehenden
450 923 527 989 oder
547 921 720 1007 folgenden
736 921 1007 1009 Nominolbegriff
1026 923 1092 988 hin.
1137 921 1293 988 Derselbe

143 1026 234 1092 kann
257 1023 358 1090 durch
381 1024 433 1089 ein
448 1023 645 1106 Substantiv,
669 1023 720 1087 ein
744 1023 877 1088 anderes
892 1023 1075 1090 Pronomen
1097 1024 1176 1089 oder
1197 1024 1292 1088 einen

146 1147 273 1212 ganzen
296 1125 370 1192 Satz
391 1125 459 1210 (am
481 1123 665 1209 h‘aufigsten
688 1125 782 1188 einen
797 1124 1055 1212 Attributiveatz)
1079 1124 1292 1212 ausgedrdckt

144 1229 224 1292 sein.
286 1225 409 1311 Wegen
449 1226 552 1289 dieser
593 1223 807 1309 Eigenschaft
844 1225 945 1290 beisst
982 1247 1015 1290 es
1048 1226 1099 1291 bei
1132 1224 1290 1290 munchen

144 1328 273 1394 tlteren
310 1325 568 1392 Grammatilrem
596 1325 649 1390 ein
676 1347 779 1410 prom.
808 1325 985 1391 relativum.
1030 1327 1075 1392 Es
1103 1325 1291 1391 bezeichnet

143 1433 224 1494 stets
253 1428 305 1492 die
328 1428 453 1492 dritte
475 1426 611 1506 Person,
640 1426 706 1491 und
727 1448 789 1492 nur
811 1426 861 1510 da,
884 1448 934 1491 wo
957 1449 990 1492 es
1013 1427 1065 1492 die
1085 1425 1288 1492 Beschuffen·

144 1529 213 1594 beit
236 1529 293 1614 (=
314 1529 402 1615 talis)
426 1527 595 1612 andeutet‚
625 1527 712 1592 steht
734 1530 773 1592 'es
795 1527 877 1593 auch
899 1527 933 1592 in
954 1527 1141 1614 Boziehung
1163 1528 1220 1592 auf
1238 1528 1289 1592 die

142 1633 256 1694 erste
278 1629 345 1694 und
367 1629 504 1694 aweite
526 1628 664 1713 Person,
687 1628 747 1692 wie
770 1627 847 1694 (lio.
878 1629 954 1694 fam.
985 1631 1035 1713 12,
1066 1632 1114 1708 14,
1146 1631 1163 1694 7
1194 1632 1289 1714 atque

142 1731 221 1796 baec
250 1730 358 1796 omnia
378 1731 408 1796 is
429 1730 506 1812 feci,
534 1731 588 1814 qui
616 1729 732 1795 sodalis
761 1733 793 1794 et
814 1729 1081 1795 familiarissimus
1103 1728 1288 1794 Dolabellae

142 1854 240 1896 eram.
269 1829 353 1896 Phil.
382 1832 411 1908 2,
439 1831 492 1914 30,
522 1831 563 1896 76
596 1831 649 1914 qni
679 1830 833 1914 magister
859 1829 1001 1914 equitum
1028 1829 1127 1894 fuisse
1155 1829 1215 1895 tibi
1241 1831 1286 1895 vi-

142 1933 263 2015 derere,
285 1971 328 1982 —
349 1933 377 1996 is
394 1953 452 2016 per
467 1931 640 2015 municipia
656 1931 857 2015 coloniasque
873 1930 995 1996 Galliae
1009 1970 1052 1980 -
1068 1953 1138 1996 cum
1155 1929 1294 1996 Gallicis*

141 2037 173 2099 et
200 2034 331 2099 lacerna
358 2032 536 2098 cucurristi.
558 2032 633 2097 farn.
656 2033 686 2113 ὃ,
712 2031 761 2112 12,
785 2033 804 2096 6
827 2053 928 2117 neque
951 2032 1035 2096 enim
1058 2035 1094 2096 tu
1116 2034 1144 2098 ts
1166 2053 1209 2116 es,
1231 2033 1286 2118 qui

143 2135 221 2219 quid
250 2135 296 2199 sis
326 2133 459 2204 nescies.
490 2134 558 2198 Aru
583 2135 612 2216 7,
636 2133 667 2216 8,
694 2136 709 2197 1
743 2133 901 2217 itaqueis
923 2132 1068 2198 inillam
1091 2153 1171 2218 sum,
1193 2154 1286 2217 quem

141 2239 175 2300 tu
197 2255 249 2299 me
265 2256 334 2300 esse
352 2234 409 2299 ris.
427 2233 620 2316 Auffallend,
638 2232 722 2298 ohne
736 2233 941 2316 Relativsatz,
965 2232 1016 2297 bei
1038 2233 1065 2299 P
1071 2234 1165 2299 lant.
1188 2256 1284 2300 merc.

140 2335 170 2418 3,
192 2337 223 2419 4,
246 2336 289 2401 46
313 2337 442 2420 egomet
465 2334 584 2400 credidi
605 2333 730 2399 homini
753 2333 934 2399 doctorem
958 2335 1119 2414 mandare,
1143 2336 1170 2400 is
1186 2336 1286 2420 lapidi

141 2435 256 2501 mando
279 2457 428 2501 maxumo
451 2436 549 2520 („ich,
572 2435 628 2500 der
649 2432 701 2500 ich
723 2433 902 2520 glaubte“).
1128 2517 1131 2524 η

225 2541 258 2619 ξ.
282 2538 334 2601 41.
359 2535 468 2602 Durch
491 2536 547 2602 das
570 2535 775 2600 wiederholte
798 2538 833 2616 ie,
857 2537 907 2602 bic
929 2535 1004 2601 oder
1026 2538 1077 2602 ille
1099 2538 1226 2604 werden
1249 2539 1283 2604 in

139 2637 322 2704 demselben
360 2637 453 2702 Satze
492 2636 781 2702 verschiedene
817 2635 1139 2722 Substantivbegriffe
1172 2661 1283 2724 ausge-

139 2739 268 2804 drilckt:
298 2738 375 2804 cic.
398 2738 492 2804 Turro.
524 2741 552 2821 l,
577 2739 614 2801 ll
644 2737 753 2803 evolve
780 2737 951 2822 diligenter
973 2738 1039 2802 eius
1061 2761 1133 2805 eum
1155 2737 1282 2825 librum,

139 2840 192 2922 qui
215 2843 276 2904 ott.
300 2839 421 2923 republ.
444 2839 475 2922 2,
499 2839 539 2903 21
568 2842 605 2902 ut
625 2838 652 2902 is
675 2839 743 2903 eius
765 2839 861 2924 vulgo
883 2837 1053 2904 haberetur
1074 2841 1167 2906 filius.
1191 2840 1281 2906 Verr.

141 2943 171 3023 2,
189 2944 215 3024 1,
231 2941 275 3004 25
298 2940 325 3003 is
348 2941 388 3004 ad
410 2961 481 3004 eum
505 2940 597 3004 istam
615 2960 682 3003 rem
704 2939 815 3004 defert.
838 2978 879 2986 -
901 2939 991 3004 Verr.
1015 2940 1057 3023 11,
1080 2941 1111 3024 2,
1126 2943 1167 3006 36
1189 2942 1283 3009 hasce

141 3039 231 3105 huius
255 3039 457 3126 cupiditates.
482 3063 531 3124 cp.
552 3041 594 3105 45
616 3039 677 3104 hoc
699 3037 742 3104 bi.
765 3041 795 3124 4,
817 3041 859 3104 48
887 3039 945 3104 has
968 3040 1000 3104 in
1023 3039 1072 3106 his
1094 3041 1174 3106 locis
1196 3043 1280 3108 deas.
1356 3041 1358 3048 ’

139 3140 267 3207 Plaut.
291 3141 357 3206 mil.
383 3141 445 3206 100
467 3141 494 3205 is
516 3140 645 3206 amabat
665 3141 863 3206 meretricem
885 3140 982 3206 altam
1004 3141 1142 3208 Athenis
1164 3145 1281 3210 Atticis

139 3245 171 3306 et
197 3241 254 3306 illa
284 3241 374 3306 illum
404 3245 526 3306 contra.
571 3238 663 3305 Doch
690 3242 728 3312 in¹
752 3242 808 3306 der
830 3242 930 3328 Regel
958 3243 1084 3307 werden
1106 3244 1140 3308 in
1163 3245 1280 3312 diesem

138 3341 224 3408 Folle
249 3341 475 3407 verschiedene
497 3340 758 3407 Demonstrativa
780 3342 928 3427 gewiihlt.

220 3449 251 3524 ξ.
274 3443 327 3508 42.
349 3442 506 3528 Dngegen
529 3443 607 3507 wird
631 3443 783 3508 nuweilen
806 3443 904 3508 durch
928 3447 956 3510 is
977 3446 1042 3510 und
1065 3448 1116 3512 ille
1136 3449 1171 3512 in
1193 3449 1280 3514 einer

137 3542 270 3608 Periode
303 3543 441 3608 dieselbe
476 3543 596 3608 Person
630 3544 832 3626 bezeichnet;
868 3547 917 3612 ille
950 3545 1038 3611 steht
1070 3547 1155 3613 daun
1183 3550 1279 3616 nach-

139 3643 315 3728 drllclrlioh,
339 3645 384 3710 im
407 3645 589 3729 Gegensatz
611 3667 650 3709 zu
672 3645 759 3710 einer
781 3647 902 3710 andern
924 3647 1056 3730 Person,
1088 3649 1152 3714 und
1174 3650 1278 3716 daron

137 3744 239 3830 magr
260 3767 294 3810 es
316 3745 368 3829 ab,
392 3746 433 3809 cb
456 3745 513 3810 das
535 3745 605 3810 eine
628 3745 705 3810 oder
727 3746 782 3812 das
804 3748 921 3812 andere
944 3747 999 3812 der
1022 3748 1135 3813 beiden
1157 3749 1278 3815 Prono-

138 3846 223 3910 mina
250 3845 453 3931 roraufgeht.
498 3845 701 3931 N'agelsbach
732 3847 833 3912 citirt:
862 3846 940 3914 (lio.
969 3849 1055 3913 hoel.
1080 3851 1119 3914 16
1141 3871 1208 3914 non
1230 3856 1279 3934 est

119 3946 236 4030 ‚igitur
257 3947 361 4028 amici,
385 3948 482 4011 talem
505 3969 573 4011 esse
597 3948 630 4011 in
652 3969 733 4026 eum,
757 3948 861 4034 qualis
882 3949 937 4014 ille
959 3950 994 4015 in
1015 3972 1049 4014 se
1071 3952 1129 4016 est.
1160 3951 1277 4018 Sest3

137 4051 171 4110 et
203 4047 242 4111 ad
274 4069 347 4112 eum
377 4047 475 4112 filiam
509 4048 577 4112 eius
605 4047 745 4134 adduxit,
773 4052 809 4114 ut
835 4049 889 4115 ille
917 4089 959 4097 -
987 4051 1126 4134 aliquam
1153 4055 1277 4137 partem

137 4147 289 4212 maeroris
317 4149 366 4213 sui
394 4148 575 4234 deponeret.
604 4171 691 4233 pror.
723 4172 808 4220 cons.
839 4153 854 4214 1
879 4173 1017 4235 quonam
1039 4175 1089 4217 me
1112 4153 1220 4218 animo
1242 4155 1277 4218 in

137 4269 192 4312 eos
220 4270 286 4314 esse
315 4253 459 4333 oportet,
489 4249 577 4314 cuius
605 4250 653 4314 illi
683 4252 819 4316 salutern
841 4275 899 4337 pro
920 4252 1055 4336 pignore
1077 4253 1277 4320 tradiderunt

138 4351 194 4412 ott.
236 4347 295 4414 Die
318 4349 525 4436 umgekehrte
548 4349 711 4438 Stelluug:
734 4375 764 4436 p.
789 4352 908 4418 Scauro
935 4355 971 4416 l'l
992 4354 1046 4438 qui
1068 4355 1189 4438 etipse
1210 4355 1275 4418 illis

141 4485 178 4494 -
208 4449 368 4514 consuluit
395 4453 427 4514 et
454 4452 499 4516 eis
527 4451 667 4516 vicissim
695 4491 735 4500 -
762 4474 910 4538 percarus
937 4453 1011 4554 luit.
1039 4456 1114 4539 post
1140 4453 1206 4518 red.
1235 4454 1275 4518 ad
