3050 5146
13 479 16 564 l
119 577 178 654 poet
200 569 341 634 exercitu
375 567 495 634 flumen
517 567 629 634 Albim
663 568 879 643 transcendit,
913 569 1040 655 longius
1069 580 1239 656 penetrata

13 681 14 700 ¹
119 670 275 736 Germania
300 693 398 756 quam
420 672 592 758 quiequam
616 671 758 756 priorum
783 672 1006 758 (penetravit).
1046 671 1115 738 Cic.
1138 673 1237 736 'l‘usc

117 772 141 853 2,
158 772 183 854 3,
206 774 223 838 7
245 794 303 838 cur
325 770 456 858 legendi
479 773 555 855 sint,
579 773 642 837 nisi
665 773 729 861 ipsi
745 772 830 837 inter
851 795 888 838 ee
911 772 1047 860 (legant)
1071 775 1127 861 qui
1150 773 1237 840 idem

117 875 248 956 sentiunt,
270 897 335 940 non
359 872 516 959 intelligo.
540 873 680 940 Hierher
694 873 837 959 gehdren
852 875 934 940 auch
950 874 1004 940 die
1018 875 1137 942 beiden
1153 878 1237 943 oben

116 975 312 1061 angeliihrten
336 974 477 1042 Stellen:
500 975 554 1042 off.
579 975 611 1058 2,
637 977 686 1059 15,
710 976 730 1041 8
752 976 817 1042 und
841 977 894 1042 fin.
912 975 941 1058 2,
964 976 996 1058 6,
1021 979 1071 1042 ll.
1093 977 1168 1044 Liv.
1184 979 1237 1061 24,

116 1077 193 1157 8,18
214 1076 458 1144 eodem'auimo
481 1100 545 1165 quo
567 1077 627 1164 (ec.
650 1077 863 1164 deligeretis).
886 1079 928 1126 '-
950 1077 1019 1144 Der
1041 1077 1237 1146 Infinitiv
1313 1154 1318 1162 ,

116 1177 181 1242 uird
202 1201 258 1246 auo
282 1180 386 1245 einem
408 1181 468 1244 mit
490 1179 563 1246 dem
587 1178 751 1246 Indicotiv
774 1178 852 1244 oder
874 1180 1072 1268 Oonjunctiv
1096 1204 1161 1246 von
1176 1203 1238 1250 csse
1310 1265 1313 1275 ι
1338 1231 1342 1241 ,

116 1280 329 1347 verbundenen
350 1281 537 1368 Porticip
560 1289 711 1367 ergdnzt:
735 1281 805 1346 Cic.
829 1305 859 1368 p.
884 1280 1012 1347 Cluent.
1037 1283 1125 1366 6,18
1148 1306 1186 1349 oa
1208 1285 1236 1350 si

113 1382 259 1448 oblivione
281 1405 346 1448 non
369 1393 480 1469 posset
502 1385 659 1470 (tegere),
687 1393 797 1448 tamen
819 1383 1043 1449 taciturnitate
1071 1407 1130 1449 sua
1152 1395 1238 1452 tecta

113 1505 172 1550 esse
191 1495 364 1572 peteretur.
388 1507 481 1572 prov.
503 1507 593 1551 cone.
619 1485 666 1566 18,
689 1485 731 1550 43
758 1486 786 1551 ei
809 1508 875 1551 non
903 1507 974 1550 sum
1003 1485 1145 1571 adiutus,
1172 1510 1238 1553 non

112 1585 210 1652 debuit
231 1586 402 1670 (adiuvare
425 1609 477 1652 me
499 1587 653 1672 Caesar):
677 1587 704 1651 si
728 1585 893 1672 desertus,
916 1587 980 1652 eibi
1002 1587 1142 1654 fortasse
1164 1612 1236 1675 pro·

113 1687 192 1755 vidit.
214 1689 289 1754 fam.
312 1688 344 1772 4,
369 1688 399 1770 7,
422 1677 443 1752 4
464 1689 630 1775 equidem,
659 1689 788 1760 etiamsi
810 1689 997 1776 oppetenda
1024 1711 1111 1754 more
1138 1700 1237 1775 esset,

111 1789 184 1855 domi
210 1801 307 1878 atque
335 1791 369 1854 in
398 1792 503 1876 patrie
530 1789 661 1856 mallem
690 1791 872 1878 (oppetere)
900 1812 997 1878 quam
1030 1792 1063 1856 in
1093 1794 1237 1859 externis

109 1901 193 1979 utque
225 1892 338 1958 alienis
373 1892 464 1959 locis.
501 1892 555 1958 fin.
590 1892 621 1976 2,
647 1894 687 1959 31
721 1893 837 1981 quodsi
872 1893 942 1958 dies
971 1894 1133 1958 notandus
1162 1893 1236 1974 luit,

110 2013 210 2060 eumne
237 1996 346 2083 potius
374 2016 438 2081 quo
467 2003 563 2060 natus
590 2016 632 2058 en
662 2017 752 2077 eum,
780 2017 844 2081 quo
872 1995 1003 2082 sopiens
1032 1995 1140 2062 iactus
1163 1998 1237 2062 eet?

109 2096 158 2179 (oo.
178 2107 289 2162 notare
312 2093 451 2182 debuit).
488 2095 649 2162 Aehulich
673 2098 717 2162 ist
738 2095 840 2160 Plin.
862 2118 937 2184 pan.
953 2096 995 2162 56
1017 2107 1144 2182 gestum
1160 2119 1236 2164 oon·

109 2197 235 2264 sulatum
258 2235 297 2246 -
321 2207 359 2262 ut
380 2195 429 2262 illi
452 2196 601 2264 solebant
623 2199 775 2285 (gerere).

180 2299 248 2366 Der
269 2299 465 2365 lnlinitiv
486 2321 545 2365 aas
561 2301 632 2366 dem
657 2300 789 2366 bloeeen
812 2300 1035 2386 passivisehen
1051 2301 1234 2388 Particip

108 2423 141 2464 zu
161 2411 335 2488 ergdnacu:
360 2401 472 2467 ane.
496 2401 528 2467 b.
544 2411 575 2488 g'.
601 2404 629 2486 1,
646 2403 686 2466 37
710 2403 820 2489 itaque
843 2424 877 2466 rc
900 2400 1123 2486 frumentaria,
1139 2425 1235 2490 quern

107 2504 261 2570 celerrime
283 2503 391 2590 potuit
406 2505 623 2592 (comparare)
648 2513 845 2589 comparata.
869 2503 1043 2585 Quintil.
1062 2505 1111 2587 10,
1130 2506 1159 2588 1,
1177 2505 1235 2570 127

107 2605 184 2670 etad
198 2627 236 2671 ec
250 2628 285 2670 ee
308 2607 446 2693 quisque
469 2604 634 2691 dirigebat
656 2603 853 2690 effingenda,
876 2627 960 2691 quae
982 2615 1107 2690 poterat
1131 2605 1235 2690 (elfin-

105 2710 196 2792 gere).
240 2706 402 2792 Httufiger
423 2707 469 2774 ist
485 2704 606 2796 jedoch
630 2708 688 2773 der
709 2707 856 2772 Infinitiv
878 2729 937 2771 aus
961 2707 1066 2771 ciuem
1082 2707 1236 2795 Haupt-

105 2807 210 2874 modus
232 2833 274 2874 zu
296 2816 471 2894 ergduzem
494 2811 557 2874 wic
579 2808 647 2875 Cic.
672 2808 764 2874 Brut
789 2809 839 2889 93,
863 2809 936 2874 322.
958 2807 1034 2872 Liv.
1056 2809 1109 2891 43,
1136 2797 1172 2873 11
1196 2833 1237 2874 ne

105 2911 168 2993 quia
189 2911 287 2976 ullam
316 2931 385 2974 rem
414 2909 592 2992 conferret,
619 2919 855 2998 praeterquam
885 2910 972 2998 quod
1002 2920 1133 2975 senatus
1161 2933 1235 2976 een-

104 3011 214 3080 1011001
236 3011 417 3098 (conferri).

179 3114 215 3198 b)
253 3113 317 3179 Die
354 3111 552 3200 Tempora
588 3113 662 3179 sind
699 3112 989 3197 verschiedcn,
1037 3114 1092 3178 dio
1127 3114 1235 3180 Modi

103 3211 243 3296 gleich:
281 3214 351 3281 Cic.
381 3216 435 3279 off.
467 3218 495 3298 1,
522 3218 560 3280 10
582 3237 645 3303 quo
668 3217 842 3300 in'genere
865 3216 961 3281 etiam
984 3217 1019 3280 in
1041 3239 1109 3302 rep.
1133 3217 1236 3282 multa

103 3328 279 3399 peccantur,
303 3327 341 3382 ut
362 3315 418 3381 illc
440 3319 616 3403 (peccavit)
640 3319 694 3404 qui
717 3327 773 3382 ott.
812 3316 1022 3384 Zweifclbaft
1050 3318 1091 3382 de
1114 3319 1181 3388 div.
1207 3321 1235 3402 1,

101 3415 138 3482 33
159 3417 224 3482 alia
244 3427 353 3484 autem
377 3457 417 3466 -
440 3420 628 3485 coniectura.
649 3418 862 3506 explicantur,
888 3430 923 3486 ut
945 3421 1032 3508 apud
1055 3420 1235 3486 Homerum

103 3516 234 3585 Colchas
257 3521 318 3606 (so.
342 3519 522 3607 explicavit
543 3522 623 3587 oder
644 3520 801 3608 explicat)
831 3522 886 3607 qui
915 3544 957 3587 ex
985 3544 1154 3608 paucorum
1177 3546 1235 3587 nu-

102 3640 185 3687 mero
208 3621 285 3687 belli
308 3621 443 3687 Troiani
466 3626 567 3689 annos
589 3633 849 3709 auguratus-cet.
880 3624 932 3688 off.
961 3623 992 3704 3,
1019 3626 1053 3687 11
1085 3622 1237 3688 utilitatis

103 3724 205 3807 specie
228 3726 260 3789 in
283 3745 352 3812 rep.
376 3725 569 3811 saepissime
592 3735 755 3812 peccatup,
782 3733 819 3789 ut
846 3724 880 3789 in
903 3725 1051 3790 Corinthi
1075 3723 1237 3792 disturba-

102 3823 183 3890 tione
206 3827 308 3891 nostri
333 3828 546 3912 (peccarunt).
574 3827 697 3892 Durius
720 3827 817 3893 etiam
841 3826 1057 3891 Athenienses
1079 3835 1136 3892 ctt.
1172 3826 1236 3891 Da-

100 3945 199 4011 gegcn
228 3936 359 3994 mitesen
388 3927 441 3991 die
470 3928 632 4014 Tempora
659 3927 945 3994 iibereinstimmen
974 3928 1009 3991 in
1031 3927 1153 3994 Stellon
1176 3930 1238 3993 wie

100 4025 172 4091 fam.
196 4029 227 4112 9,
249 4030 301 4111 22,
327 4030 342 4093 1
367 4030 477 4116 itaque
499 4053 565 4096 non
593 4030 689 4095 modo
717 4032 750 4094 in
778 4028 957 4097 comoediis
985 4053 1037 4096 res
1063 4031 1141 4119 lpse
1162 4053 1236 4095 nar-

55 4142 60 4150 ’
102 4137 197 4213 ratur,
222 4140 257 4196 ut
278 4131 334 4196 ille
356 4131 390 4196 iu
412 4133 592 4218 Demiurgo
615 4135 764 4218 (narrat).
787 4131 829 4196 dc
851 4135 974 4198 iuvent.
1001 4132 1087 4215 1,50
1108 4132 1137 4196 si
1153 4133 1236 4198 ratio

100 4229 232 4296 alicuius
264 4233 311 4298 rei
345 4233 502 4299 reddetur
533 4233 617 4300 falsa
645 4244 766 4300 -aut
798 4236 827 4300 si
860 4233 998 4313 infirma,
1032 4243 1068 4298 ut
1103 4233 1237 4300 Plautus

102 4331 248 4418 (reddit).
271 4334 444 4417 Quintil.
466 4337 498 4419 5,
525 4339 572 4417 ll,
588 4336 630 4400 24
652 4358 716 4422 quo
739 4337 935 4423 exprimitur
957 4357 1063 4399 rerum
1086 4344 1143 4401 aut
1164 4357 1236 4422 per-

101 4453 250 4499 sonarum
273 4436 389 4522 imago,
412 4447 448 4502 ut
470 4437 603 4503 Caesius
627 4437 821 4524 (exprimit).

182 4541 214 4619 c)
238 4535 432 4624 Tempora
453 4538 654 4606 undModi
678 4539 769 4604 sind
786 4537 1074 4604 verschieden:
1098 4537 1166 4603 Cic.
1183 4539 1237 4605 off.
