3050 5146
744 411 974 476 -212-

161 557 164 563 ¹
288 561 459 654 projicitur
480 564 610 653 Appius
634 563 751 645 minor,
773 573 811 628 ut
832 563 958 629 indicet
980 562 1021 629 dc
1044 565 1182 650 pecunie
1197 585 1238 628 ex
1261 563 1354 630 bonis
1375 585 1425 652 pa-

288 668 362 734 triis
385 666 575 754 pervenisse
598 665 641 731 ad
656 661 834 736 Servilium
857 665 1213 754 praevaricationisque
1234 685 1333 732 conss
1346 664 1424 730 dire·

287 779 338 834 ret
352 768 543 856 ‚depositum
566 766 624 834 HS
645 764 812 833 LXXXI.
856 767 939 835 Liv.
966 767 1018 850 21,
1041 765 1072 848 8,
1095 766 1115 832 8
1143 766 1221 831 binc
1248 789 1336 854 spes,
1355 767 1426 831 hinc

288 870 474 960 desperatio
501 869 627 935 animos
655 870 779 952 irritat,
807 867 918 935 Poeno
947 869 1072 955 cepisse
1101 867 1166 932 ism
1189 890 1225 933 se
1246 867 1375 952 urbem,
1402 867 1426 931 si

226 981 229 996 ⁴
288 971 420 1060 psulum
443 970 620 1052 adnitatur,
642 971 813 1054 credente,
837 969 1084 1056 Saguntinis-
1113 990 1249 1056 corpore
1270 990 1425 1057 opponen-

288 1073 377 1144 ribus
407 1094 467 1138 nec
495 1071 562 1138 ullo
585 1072 702 1159 pedem
731 1072 908 1150 referente,
938 1093 979 1136 ne
1000 1072 1036 1136 iu
1057 1069 1207 1136 relictum
1229 1093 1251 1136 a
1271 1093 1307 1136 se
1329 1068 1427 1136 locum

288 1174 416 1249 hostem
439 1173 638 1239 immitteret.
652 1209 695 1221 -
712 1172 868 1240 Welchen
884 1171 1028 1239 Einfluss
1051 1172 1106 1237 die
1128 1177 1316 1258 grbssere
1338 1171 1427 1237 Ent-

289 1277 463 1360 lernuug
485 1276 574 1341 eines
596 1273 820 1340 Nebensatzes
844 1298 918 1341 vom
942 1274 1148 1359 Hauptsatze
1169 1272 1235 1356 bet,
1260 1274 1349 1358 zeigt
1364 1273 1427 1338 Cio.

289 1377 382 1443 Verr.
406 1378 438 1461 2,
460 1377 501 1442 37
526 1376 680 1442 Sthenius
703 1375 848 1463 postulat
869 1389 907 1444 ut
929 1397 1002 1442 curn
1016 1397 1128 1441 secum
1149 1377 1200 1442 sui
1223 1376 1314 1441 cives
1336 1385 1429 1460 agant

156 1476 161 1486 ’
262 1463 266 1470 ’
289 1478 330 1544 de
353 1478 470 1552 litteris
492 1477 634 1563 publicis
657 1478 818 1566 corruptis
842 1479 977 1566 eiusque
998 1481 1046 1543 rei
1061 1474 1191 1564 legibus
1207 1476 1427 1542 Thermitano-

288 1603 360 1645 rum
382 1581 466 1646 eotio
495 1581 538 1646 sit
564 1588 760 1666 senatusque
781 1578 1002 1645 Thermitanis
1030 1579 1119 1665 leges
1141 1599 1217 1644 suss
1239 1577 1428 1644 reddidisset

287 1680 441 1767 idemque
462 1681 524 1748 hoc
546 1680 682 1748 haberet
704 1679 825 1750 Verres
848 1681 975 1769 ipsein
997 1679 1117 1764 edicto,
1138 1685 1174 1746 ut
1195 1681 1236 1746 de
1258 1680 1312 1745 bis
1334 1680 1427 1746 omni·

287 1783 350 1848 bus
382 1784 490 1850 causis
522 1803 558 1848 se
588 1781 631 1847 ad
659 1780 748 1868 leges
776 1783 916 1848 reliceret
943 1784 1038 1869 (statt
1065 1782 1218 1869 reiiciat).
1263 1780 1308 1848 So
1335 1780 1429 1870 pflegt

288 1883 431 1950 numlich
459 1893 565 1968 sonet,
596 1905 690 1950 wenn
718 1880 804 1948 beim
826 1883 1113 1971 Tempuswechsel
1135 1883 1190 1948 die
1211 1881 1428 1966 Satastellung

289 1987 347 2052 dor
361 1986 568 2074 logiscben
583 1984 746 2071 Ordnung
759 1984 868 2050 nicht
883 1984 1074 2073 entspricht,
1090 1983 1149 2050 der
1160 1983 1287 2072 logisch
1302 1984 1427 2066 nouere,

196 2098 202 2111 '
289 2087 446 2158 rtiumlich
470 2088 597 2154 sernere
619 2085 806 2152 Nebensatz
829 2088 875 2152 im
897 2085 1099 2152 Praesens
1122 2109 1165 2152 zu
1186 2087 1319 2153 steben:
1342 2087 1426 2153 Verr.

288 2191 320 2273 2,
343 2191 384 2260 23
407 2199 524 2276 rogant
546 2211 619 2254 eum
641 2199 678 2255 ut
700 2188 762 2254 sibi
784 2189 818 2255 id
841 2189 929 2276 quod
951 2189 993 2255 ab
1015 2188 1097 2276 ipsis
1119 2188 1245 2254 abisset
1266 2188 1427 2276 pecuniae,

289 2301 391 2356 curet.
424 2313 474 2377 op.
510 2292 547 2355 ll
581 2289 630 2356 illi
663 2312 737 2356 eum
769 2289 1064 2356 commonefaciunt
1090 2301 1127 2356 ut
1152 2291 1180 2355 si
1209 2292 1239 2356 ei
1269 2289 1429 2356 rideretur

290 2389 424 2478 (vulgor
450 2391 615 2479 videatur)
639 2400 750 2458 utetur
772 2392 922 2458 instituto
945 2414 1014 2458 suo.
1038 2416 1070 2481 p.
1094 2390 1225 2458 Cluent.
1247 2392 1289 2458 26
1312 2399 1429 2457 eumut
1509 2429 1510 2436 .

251 2479 256 2492 ’
290 2503 415 2560 ceteros
444 2491 604 2581 appellet,
633 2493 830 2578 quibuscum
852 2492 941 2582 loqui
964 2502 1165 2576 consuesset,
1192 2503 1299 2578 roget.
1344 2493 1428 2561 Verr.

288 2597 321 2676 b,
343 2595 397 2680 44,
421 2595 489 2661 116:
534 2594 650 2660 Oelter
672 2595 725 2661 bei
748 2597 915 2661 Caesar:
937 2594 968 2661 b.
991 2617 1023 2682 g.
1049 2597 1078 2679 l,
1100 2594 1273 2661 Soostella
1294 2615 1427 2661 commu·

290 2699 353 2782 nit,
386 2719 450 2784 quo
474 2696 614 2781 facilius,
636 2697 665 2763 si
687 2720 722 2762 se
745 2698 849 2764 invito
872 2697 1013 2762 transire
1035 2708 1238 2779 conarentur,
1261 2696 1427 2785 prohibere

290 2799 405 2887 possit.
427 2821 477 2886 cp.
504 2800 542 2864 16
565 2821 619 2864 eos
643 2801 784 2878 incurat,
818 2798 919 2885 quod,
951 2821 1026 2864 cum
1052 2819 1158 2887 neque
1180 2801 1244 2864 emi
1266 2820 1371 2886 neque
1392 2818 1426 2861 ex

289 2903 378 2986 egris
401 2899 484 2966 sumi
506 2912 628 2989 posset,
650 2938 688 2949 -
707 2899 749 2965 sb
765 2899 805 2965 iis
821 2922 887 2967 non
902 2899 1101 2966 sublevetur.
1124 2902 1156 2984 ὃ,
1183 2901 1220 2965 11
1237 2923 1268 2965 u.
1286 2899 1380 2966 oster.
1392 2936 1427 2948 -

290 3000 559 3087 Notbweudig
581 3003 624 3068 ist
646 3000 705 3068 der
727 3000 1024 3090 Tempusweobsel,
1047 3023 1102 3066 um
1124 3001 1427 3068 Misererstiiudniss

289 3126 331 3169 au
353 3103 552 3186 vermeiden,
577 3104 629 3169 bei
645 3103 714 3170 Cic.
733 3105 825 3170 Verr.
848 3105 878 3188 3,
899 3103 941 3168 22
964 3113 1031 3168 tum
1055 3105 1118 3169 iste
1139 3124 1260 3190 magna
1282 3125 1362 3172 voce
1375 3105 1426 3168 im·
1507 3173 1508 3180 p

290 3215 392 3291 perat,
414 3215 452 3271 ut
472 3204 569 3270 Xeno
591 3207 715 3271 audiret
733 3204 952 3292 (Folgesatz):
977 3203 1055 3271 dum
1071 3227 1122 3270 res
1137 3204 1311 3288 iudicetur,
1334 3205 1426 3271 homi·

290 3327 364 3371 nem
386 3317 423 3371 ut
437 3316 617 3389 asservent,
640 3329 713 3372 cum
729 3306 908 3372 iudicatum
925 3307 977 3388 sit,
1000 3307 1043 3372 ud
1064 3327 1099 3371 se
1114 3307 1290 3373 adducant.
1311 3305 1427 3374 Stinde

291 3407 506 3487 hierusalim,
529 3430 565 3473 se
588 3407 700 3474 wllrde
723 3406 820 3474 ceals
837 3407 1102 3474 Substantivsatz
1125 3431 1167 3472 au
1189 3410 1326 3492 imperat
1337 3431 1426 3494 gezo—

289 3531 354 3595 gen
377 3507 519 3575 werden.

375 3611 492 3697 (legen
519 3611 572 3677 die
600 3610 745 3698 logische
774 3611 980 3698 Anorduung
1009 3612 1067 3677 der
1093 3611 1193 3678 Sittae
1222 3613 1353 3680 werden
1379 3611 1426 3676 die

290 3712 452 3800 Tempora
476 3713 663 3780 vertausoht
684 3713 739 3778 bei
762 3711 920 3778 Sallust
942 3713 1019 3799 lug.
1042 3715 1084 3780 46
1108 3715 1284 3801 persuadet
1306 3715 1353 3781 nti
1373 3712 1425 3776 Ju-

290 3814 440 3899 gurthnru
471 3836 622 3880 maxume
656 3816 784 3899 vivum,
817 3814 869 3880 sin
897 3814 932 3878 id
960 3837 1074 3902 perum
1098 3818 1263 3899 precelsi,
1286 3827 1425 3884 necatum

291 3917 353 3980 sibi
383 3917 550 3983 traderent.
601 3915 691 3982 Nacb
719 3917 865 3982 Cicero’s
898 3916 1074 3983 Gebreuch
1108 3924 1232 3983 miisste
1259 3919 1426 4002 procedent

292 4017 359 4082 und
381 4019 513 4084 tradant
535 4019 659 4084 stebcn.
781 4101 784 4106 Ι
1505 4020 1506 4093 l

376 4120 437 4184 Boi
459 4121 523 4185 den
545 4119 837 4188 nacbklassisobeu
858 4119 1116 4186 Schriftstellern
1140 4120 1288 4188 herrscht
1309 4123 1342 4188 iu
1364 4120 1423 4184 die

293 4243 351 4284 sen
373 4221 644 4288 Constructioneu
671 4231 822 4308 griissere
850 4219 1014 4306 Willktir,
1046 4221 1157 4288 indess
1185 4223 1268 4290 fehlt
1298 4246 1333 4289 es
1359 4221 1424 4306 dar·

293 4321 374 4386 iiber
396 4345 437 4387 on
460 4322 748 4409 Beobachtungcn.
1504 4407 1505 4410 Ἴ

374 4426 405 4506 g.
433 4424 501 4487 125.
546 4425 617 4489 Der
639 4425 890 4513 Oonjunctir
919 4425 988 4491 des
1012 4426 1290 4512 historischen
1311 4425 1422 4491 Prae·
1504 4432 1505 4479 l

292 4548 381 4596 sens
403 4527 505 4592 ohne
529 4528 884 4616 voraufgchendes
907 4529 1038 4594 Praes.
1071 4529 1309 4596 historicum
1332 4530 1373 4595 ist
1392 4533 1421 4592 tn
