3056 5144
559 378 791 442 -481-

109 530 189 592 πιανέ
211 526 447 594 alleinstehend
470 529 524 593 bei
546 528 614 594 Cio.
637 529 671 593 in
694 529 760 594 Pis.
785 529 824 594 19
846 530 945 617 periit
966 531 999 594 in
1022 531 1115 594 mari.
1145 529 1199 594 lin.
1214 531 1246 610 5,

107 629 156 712 30,
178 629 219 692 92
241 629 384 713 anulum,
408 653 471 716 quo
494 630 733 712 delectabatur,
763 631 797 694 in
824 633 907 695 mari
935 633 1110 696 abiecerat.
1157 629 1244 716 (Vgl.

108 728 253 795 daselbst
273 730 436 816 Madvig.)
472 730 561 797 Flor.
592 733 623 816 2,
651 733 683 812 2,
711 733 753 796 34
780 755 838 796 nec
865 733 968 796 maior
995 732 1075 797 alias
1103 734 1137 796 in
1164 734 1246 796 mori

107 853 223 916 pugna.
268 835 297 913 ξ.
319 833 359 898 37
383 855 456 898 eum
480 834 544 897 iam
566 833 600 896 in
623 835 706 898 mari
728 842 815 898 esset
837 832 944 899 deleta
965 833 1138 918 Carthago.
1168 834 1199 915 3,
1215 821 1257 913 5,

109 933 144 996 18
166 955 226 996 nec
249 932 376 998 felicior
397 935 432 998 in
453 935 536 998 marl
559 956 656 1021 quam
680 945 767 999 terra
789 936 868 1020 fuga
884 934 977 1020 (aber
992 934 1099 1018 gleich
1114 935 1244 999 darauf:

107 1033 238 1098 Pontico
261 1036 368 1120 mari.)
413 1039 443 1116 ξ.
465 1035 506 1099 28
521 1037 594 1116 iter,
618 1045 783 1122 tamquam
805 1038 840 1102 in
862 1038 955 1116 mari,
979 1034 1081 1100 stellis
1105 1045 1246 1102 secutus.

105 1171 144 1180 -—
164 1134 239 1198 Den
261 1135 539 1201 alleinstchenden
562 1136 699 1202 Ablativ
728 1144 814 1202 terra
835 1138 893 1204 hat
914 1139 1027 1204 Livius
1050 1139 1095 1202 im
1118 1139 1244 1222 Gegen-

106 1245 172 1301 sata
200 1259 244 1300 zu
271 1239 367 1303 classe
392 1239 435 1301 22
442 1287 451 1320 ,
476 1239 530 1321 19;
560 1261 601 1302 zu
627 1239 834 1323 8881088823,
857 1240 899 1302 26
921 1240 988 1303 und
1011 1239 1094 1305 ohne
1117 1237 1245 1324 Gegen-

105 1346 185 1401 setz:
215 1338 267 1416 23,
292 1340 341 1402 40.
373 1340 425 1421 24,
448 1339 501 1404 40.
529 1340 583 1422 28,
606 1340 636 1405 8.
667 1341 718 1420 30,
741 1341 792 1406 21.
827 1341 878 1418 36,
901 1342 953 1404 41.
983 1340 1036 1424 37,
1059 1340 1087 1408 9.
1117 1340 1168 1418 30,
1191 1341 1243 1406 28.

174 1437 218 1526 1).
249 1440 312 1504 1888
335 1463 367 1503 ιι.
391 1442 473 1520 18818,
502 1453 641 1508 ersteres
669 1443 701 1504 in
733 1443 793 1505 der
814 1441 928 1526 Regel,
958 1440 1107 1507 letztercs
1129 1443 1245 1505 immer

104 1539 160 1603 mit
188 1541 295 1604 ciuem
322 1539 480 1606 Attribut.
525 1541 603 1607 018.
632 1543 708 1606 fam.
738 1544 772 1625 7,
806 1544 865 1627 20,
892 1544 913 1605 2
941 1552 1080 1622 remoto,
1108 1540 1242 1624 salubri,

104 1662 235 1707 amoeno
265 1640 344 1706 loeo.
383 1643 431 1722 15,
453 1642 483 1723 4,
508 1643 548 1706 10
576 1643 662 1728 quod
689 1667 762 1708 cum
791 1652 877 1708 esset
904 1643 1062 1709 altissimo
1085 1653 1118 1706 et
1139 1647 1242 1708 muni·

105 1743 227 1807 tissimo
262 1743 343 1807 loco.
397 1743 489 1809 Brut.
523 1744 565 1808 32
598 1746 702 1810 oratio
742 1743 876 1830 puerilis
914 1755 961 1810 est
1002 1743 1111 1809 multis
1152 1745 1241 1810 locis.

103 1843 190 1908 Aber
218 1843 304 1908 auch
333 1846 393 1910 mit
423 1845 480 1909 der
502 1845 637 1932 Prttpos.
661 1849 712 1927 18,
742 1845 796 1910 die
825 1846 983 1911 Sallust
1010 1856 1112 1928 setzt,
1148 1869 1242 1912 wenn

103 1945 181 2010 18888
214 1967 282 2011 von
315 1948 419 2010 ciuem
452 1947 601 2028 Relativ,
636 1947 897 2027 Demonstrativ,
931 1949 1013 2012 idem
1047 1947 1125 2011 oder
1158 1949 1243 2013 ullus

104 2044 255 2131 begleitet
286 2049 340 2113 iet,
393 2047 456 2112 Mit
490 2049 563 2112 dem
597 2048 741 2132 Genetiv
774 2048 899 2114 sowolrl
932 2051 995 2114 loco
1028 2048 1076 2113 als
1111 2052 1147 2114 ιῗιι
1178 2050 1242 2113 1888

104 2149 177 2231 (,,8ιι
205 2149 267 2213 der
288 2149 388 2215 Stelle
417 2171 480 2213 von
508 2161 626 2232 etwas,
654 2149 715 2214 als
745 2153 883 2237 etwas“)
914 2150 982 2214 Cic.
1013 2150 1107 2215 Verr.
1136 2151 1173 2232 3,
1200 2149 1242 2214 48

103 2247 159 2313 hoc
185 2251 220 2315 in
250 2250 400 2315 beneficii
428 2252 498 2315 loeo
526 2253 664 2338 petitum
692 2262 750 2316 est.
780 2262 855 2338 post
882 2253 950 2315 red.
979 2253 1013 2314 in
1042 2273 1109 2316 aen.
1140 2252 1179 2314 14
1208 2253 1241 2313 in

104 2349 157 2413 filii
184 2353 257 2417 loco
286 2345 426 2436 luisset,⁸
446 2375 533 2417 nunc
557 2363 645 2417 certe
673 2355 735 2417 erit
762 2353 795 2416 in
824 2355 978 2439 parentis.
1012 2352 1089 2418 iem.
1118 2353 1146 2431 7,
1168 2353 1199 2433 3,
1222 2354 1242 2416 6

103 2453 244 2516 criminis
268 2454 339 2518 loeo
362 2463 477 2539 putent
499 2477 581 2520 esse.
612 2454 689 2520 Sall.
710 2455 788 2538 Jug.
812 2457 897 2538 14,1
922 2479 979 2520 vos
1002 2454 1149 2518 affinium
1172 2453 1241 2518 loco

104 2552 259 2618 ducerem.
292 2555 443 2620 Tacitus:
466 2556 608 2621 numinis
631 2556 711 2634 loeo,
733 2556 877 2641 prodigii
899 2555 981 2621 loeo.
1027 2554 1101 2638 Vgl.
1123 2559 1153 2636 ξ.
1173 2556 1241 2623 170.

103 2655 261 2721 Bedeutet
289 2658 373 2722 locus
399 2659 463 2722 den
490 2657 655 2739 Zustaud,
692 2659 725 2720 in
753 2658 908 2723 walchem
936 2657 1006 2721 sich
1034 2667 1134 2721 etwas
1164 2656 1243 2720 oder
1342 2705 1346 2712 .

100 2757 229 2840 jemand
258 2757 419 2840 befindet,
453 2781 488 2823 so
515 2761 560 2824 ist
587 2759 639 2822 bei
669 2758 867 2824 Klessikern
896 2757 1017 2823 sowohl
1046 2758 1104 2820 der
1135 2757 1241 2820 blosse

103 2857 174 2922 Abl.
194 2859 243 2923 als
263 2861 347 2923 auch
361 2862 398 2924 ia
412 2859 660 2944 gebrttuehlich:
685 2860 826 2924 Cicero
850 2861 906 2924 hat
927 2882 988 2924 nur
1008 2859 1070 2923 den
1087 2858 1238 2923 Ablativ:

102 2958 173 3023 lam.
196 2962 228 3044 4,
251 2961 284 3044 4,
306 2961 327 3023 4
349 2963 376 3025 18
400 2960 495 3042 enim,
525 2963 554 3024 81
577 2985 615 3027 88
636 2960 705 3026 1888
729 2971 832 3042 esset,
861 2961 998 3045 negavit
1020 2983 1055 3024 se
1078 2959 1240 3024 facturum

103 3059 208 3126 luisse.
245 3063 324 3126 fam.
355 3063 384 3142 7,
407 3063 482 3144 3,5
510 3085 576 3128 non
604 3062 859 3129 incommodiore
887 3062 967 3127 loco.
1004 3061 1118 3126 Caes.
1148 3063 1179 3126 b.
1208 3083 1239 3145 g.

102 3161 129 3236 2,
150 3164 191 3227 26
213 3187 279 3250 quo
300 3165 337 3228 ιἰι
357 3163 427 3228 1888
451 3185 502 3228 res
525 3174 621 3228 esset.
657 3163 815 3229 Sallust
841 3164 876 3227 in
905 3164 1028 3227 diesem
1050 3163 1150 3227 Sinne
1178 3185 1240 3227 nur

103 3264 193 3329 Catil.
216 3266 271 3347 58,
293 3265 314 3330 5
336 3285 399 3350 quo
421 3264 492 3330 loeo
518 3266 568 3347 (al.
590 3268 626 3330 ιἰι
649 3266 733 3352 1888)
758 3288 810 3330 res
832 3275 961 3330 nostrae
984 3266 1059 3330 siut

179 3366 277 3431 Eben
299 3389 334 3430 so
357 3365 581 3432 schwankend
609 3368 662 3432 bei
685 3369 844 3432 Livius:
873 3367 904 3448 2,
932 3367 973 3431 47
1003 3389 1066 3453 quo
1095 3367 1165 3432 loco
1188 3389 1239 3432 res

101 3477 214 3533 essent.
247 3471 277 3551 7,
300 3469 343 3533 35
363 3471 400 3534 in
422 3490 459 3533 eo
482 3469 567 3532 enirn
590 3466 660 3533 loco
682 3491 734 3533 res
757 3479 832 3534 sunt
853 3479 995 3533 nostrae.
1025 3470 1056 3550 3,
1073 3470 1114 3534 68
1130 3471 1239 3556 peiore

100 3567 175 3632 loeo.
210 3569 306 3634 Aueh
333 3571 367 3632 in
396 3568 607 3654 cigentlicher
636 3569 817 3653 (drtlieher)
839 3569 1035 3654 Bedeutung
1057 3579 1141 3634 setzt
1162 3570 1238 3634 Liv.

100 3667 173 3733 bald
189 3669 255 3736 den
270 3670 358 3753 Abl,
382 3670 460 3735 bald
482 3674 535 3736 iu:
556 3672 609 3754 23,
635 3673 673 3736 18
696 3671 793 3757 plano
816 3671 887 3737 loeo
911 3672 1021 3755 positi.
1055 3674 1083 3754 1,
1106 3672 1146 3735 47
1170 3694 1237 3736 οιιι-

100 3769 190 3836 uibus
212 3771 302 3837 loeis.
333 3775 364 3854 4,
385 3773 439 3854 20,
465 3774 492 3837 1.
522 3774 575 3854 42,
601 3773 639 3835 12
667 3773 772 3838 tribus
800 3772 888 3837 locis.
925 3773 956 3854 4,
979 3773 1031 3853 22,
1053 3775 1084 3836 4.
1120 3774 1172 3856 37,
1199 3774 1238 3836 14

100 3871 132 3933 ln
152 3873 266 3937 eodem
287 3873 369 3938 loco.
398 3874 450 3955 38,
472 3874 493 3938 6
514 3897 579 3938 uno
601 3877 636 3939 in
659 3875 680 3937 l.
702 3876 755 3958 35,
778 3873 800 3936 4
822 3875 856 3938 in
878 3894 941 3959 quo
964 3872 984 3936 l.
1023 3874 1071 3954 10,
1093 3875 1136 3938 43
1159 3896 1236 3959 quo·

101 3995 223 4059 cunque
246 3976 280 4039 in
303 3975 324 4038 l.
357 3975 609 4058 10,36100um,
632 3977 665 4041 in
688 3998 761 4063 quo.

179 4078 269 4158 „Am
296 4076 428 4141 rechten
456 4076 558 4141 Orte“
596 4077 689 4161 (oder
716 4099 800 4160 „zur
828 4077 961 4142 rechten
989 4077 1100 4162 zeim)
1134 4076 1237 4142 heisst

101 4179 261 4244 entweder
281 4199 337 4244 suo
360 4180 433 4262 1888,
456 4180 492 4243 in
514 4179 576 4244 1888
599 4178 678 4243 oder
699 4179 779 4244 loco:
807 4178 880 4246 Ter.
904 4178 967 4242 Ad.
991 4179 1022 4260 2,
1044 4179 1075 4262 2,
1098 4179 1117 4242 8
1140 4200 1236 4263 pecu-

100 4276 183 4342 niam
205 4281 240 4344 in
262 4277 334 4345 loco
362 4280 536 4364 neglegere
563 4281 741 4346 maximum
770 4280 968 4344 interdumst
996 4278 1131 4344 luorum.
1176 4280 1235 4343 Bei

102 4377 236 4444 Cicero
265 4404 326 4446 nur
354 4383 412 4446 der
440 4381 596 4446 Ablativ:
624 4381 666 4445 de
688 4403 735 4445 or.
756 4382 787 4464 3,
809 4381 851 4445 38
874 4378 1085 4467 quibusloco
1109 4382 1234 4466 positis.

101 4477 187 4546 Brut.
211 4483 252 4547 79
273 4482 398 4549 nullum
427 4483 593 4568 (verbum)
620 4485 685 4548 nisi
713 4482 784 4548 loco
811 4483 964 4569 positum.
999 4494 1079 4549 orat.
1108 4492 1191 4568 part.
1214 4484 1234 4548 3
