<?xml version="1.0" encoding="UTF-8"?>
<!DOCTYPE html PUBLIC "-//W3C//DTD XHTML 1.0 Transitional//EN"
    "http://www.w3.org/TR/xhtml1/DTD/xhtml1-transitional.dtd">
<html xmlns="http://www.w3.org/1999/xhtml" xml:lang="en" lang="en">
 <head>
  <title>
</title>
<meta http-equiv="Content-Type" content="text/html;charset=utf-8" />
  <meta name='ocr-system' content='tesseract 3.04.00' />
  <meta name='ocr-capabilities' content='ocr_page ocr_carea ocr_par ocr_line ocrx_word'/>
</head>
<body>
  <div class='ocr_page' id='page_1' title='image "./historischesynt04draegoog/historischesynt04draegoog_0200.png"; bbox 0 0 3050 5146; ppageno 0'>
   <div class='ocr_carea' id='block_1_1' title="bbox 730 360 961 424">
    <p class='ocr_par' dir='ltr' id='par_1_1' title="bbox 730 360 961 424">
     <span class='ocr_line' id='line_1_1' title="bbox 730 360 961 424; baseline 0.009 -18"><span class='ocrx_word' id='word_1_1' title='bbox 730 360 961 424; x_wconf 74' lang='lat'><strong>..160-</strong></span> 
     </span>
    </p>
   </div>
   <div class='ocr_carea' id='block_1_2' title="bbox 273 509 1412 1602">
    <p class='ocr_par' dir='ltr' id='par_1_2' title="bbox 273 509 1412 1602">
     <span class='ocr_line' id='line_1_2' title="bbox 277 509 1409 598; baseline 0.001 -25"><span class='ocrx_word' id='word_1_2' title='bbox 277 513 291 573; x_wconf 93' lang='lat' dir='ltr'>l</span> <span class='ocrx_word' id='word_1_3' title='bbox 316 511 424 594; x_wconf 82' lang='lat' dir='ltr'><strong>capite</strong></span> <span class='ocrx_word' id='word_1_4' title='bbox 445 511 737 576; x_wconf 81' lang='lat' dir='ltr'><strong>coniurationis-</strong></span> <span class='ocrx_word' id='word_1_5' title='bbox 752 512 856 595; x_wconf 86' lang='lat' dir='ltr'><strong>virgis</strong></span> <span class='ocrx_word' id='word_1_6' title='bbox 880 512 967 576; x_wconf 78' lang='lat' dir='ltr'><strong>caesi</strong></span> <span class='ocrx_word' id='word_1_7' title='bbox 988 531 1027 574; x_wconf 83' lang='lat' dir='ltr'><strong>ec</strong></span> <span class='ocrx_word' id='word_1_8' title='bbox 1049 512 1154 576; x_wconf 87' lang='lat' dir='ltr'><strong>securi</strong></span> <span class='ocrx_word' id='word_1_9' title='bbox 1176 512 1333 598; x_wconf 79' lang='lat' dir='ltr'><strong>percussi.</strong></span> <span class='ocrx_word' id='word_1_10' title='bbox 1371 509 1409 574; x_wconf 92' lang='lat' dir='ltr'><strong>In</strong></span> 
     </span>
     <span class='ocr_line' id='line_1_3' title="bbox 274 610 1408 694; baseline -0.003 -18"><span class='ocrx_word' id='word_1_11' title='bbox 274 613 379 676; x_wconf 86' lang='lat' dir='ltr'><strong>ciuem</strong></span> <span class='ocrx_word' id='word_1_12' title='bbox 407 611 626 676; x_wconf 85' lang='lat' dir='ltr'><strong>Nebensetne:</strong></span> <span class='ocrx_word' id='word_1_13' title='bbox 659 612 690 692; x_wconf 85' lang='lat'><strong>4,</strong></span> <span class='ocrx_word' id='word_1_14' title='bbox 711 613 764 692; x_wconf 79' lang='lat'><strong>45,</strong></span> <span class='ocrx_word' id='word_1_15' title='bbox 794 615 810 675; x_wconf 92' lang='lat'>1</span> <span class='ocrx_word' id='word_1_16' title='bbox 839 612 975 676; x_wconf 82' lang='lat' dir='ltr'><strong>servitio</strong></span> <span class='ocrx_word' id='word_1_17' title='bbox 996 643 1046 660; x_wconf 86' lang='lat'><strong>—·</strong></span> <span class='ocrx_word' id='word_1_18' title='bbox 1065 624 1101 678; x_wconf 88' lang='lat' dir='ltr'><strong>ut</strong></span> <span class='ocrx_word' id='word_1_19' title='bbox 1127 633 1234 676; x_wconf 78' lang='lat' dir='ltr'><strong>arcem</strong></span> <span class='ocrx_word' id='word_1_20' title='bbox 1257 610 1408 694; x_wconf 71' lang='lat' dir='ltr'><strong>Capitoli-</strong></span> 
     </span>
     <span class='ocr_line' id='line_1_4' title="bbox 273 713 1410 798; baseline -0.002 -22"><span class='ocrx_word' id='word_1_21' title='bbox 273 735 393 798; x_wconf 89' lang='lat' dir='ltr'><strong>umque</strong></span> <span class='ocrx_word' id='word_1_22' title='bbox 416 713 534 776; x_wconf 80' lang='lat' dir='ltr'><strong>armati</strong></span> <span class='ocrx_word' id='word_1_23' title='bbox 556 715 762 795; x_wconf 82' lang='lat' dir='ltr'>occuparent.</span> <span class='ocrx_word' id='word_1_24' title='bbox 806 713 849 778; x_wconf 89' lang='lat' dir='ltr'><strong>So</strong></span> <span class='ocrx_word' id='word_1_25' title='bbox 878 713 1056 778; x_wconf 87' lang='lat' dir='ltr'><strong>besonders</strong></span> <span class='ocrx_word' id='word_1_26' title='bbox 1083 713 1138 778; x_wconf 91' lang='lat' dir='ltr'><strong>bei</strong></span> <span class='ocrx_word' id='word_1_27' title='bbox 1160 713 1269 778; x_wconf 79' lang='lat' dir='ltr'><strong>milia:</strong></span> <span class='ocrx_word' id='word_1_28' title='bbox 1296 713 1350 795; x_wconf 76' lang='lat' dir='ltr'><strong>tt,</strong></span> <span class='ocrx_word' id='word_1_29' title='bbox 1374 713 1410 774; x_wconf 89' lang='grc'><strong>16</strong></span> 
     </span>
     <span class='ocr_line' id='line_1_5' title="bbox 274 811 1409 899; baseline 0 -23"><span class='ocrx_word' id='word_1_30' title='bbox 274 813 366 878; x_wconf 84' lang='lat' dir='ltr'><strong>milia</strong></span> <span class='ocrx_word' id='word_1_31' title='bbox 393 813 530 898; x_wconf 83' lang='lat' dir='ltr'><strong>triginta</strong></span> <span class='ocrx_word' id='word_1_32' title='bbox 557 812 726 877; x_wconf 87' lang='lat' dir='ltr'><strong>servilium</strong></span> <span class='ocrx_word' id='word_1_33' title='bbox 753 813 896 897; x_wconf 79' lang='lat' dir='ltr'><strong>capitum</strong></span> <span class='ocrx_word' id='word_1_34' title='bbox 924 814 1076 880; x_wconf 90' lang='lat' dir='ltr'><strong>dicuntur</strong></span> <span class='ocrx_word' id='word_1_35' title='bbox 1101 814 1200 899; x_wconf 77' lang='lat' dir='ltr'><strong>eapti.</strong></span> <span class='ocrx_word' id='word_1_36' title='bbox 1232 813 1286 894; x_wconf 81' lang='lat'><strong>40,</strong></span> <span class='ocrx_word' id='word_1_37' title='bbox 1307 813 1348 876; x_wconf 88' lang='grc'><strong>41</strong></span> <span class='ocrx_word' id='word_1_38' title='bbox 1371 811 1409 876; x_wconf 86' lang='lat' dir='ltr'><strong>ed</strong></span> 
     </span>
     <span class='ocr_line' id='line_1_6' title="bbox 274 911 1410 1002; baseline -0.004 -23"><span class='ocrx_word' id='word_1_39' title='bbox 274 924 397 998; x_wconf 83' lang='lat' dir='ltr'>septem</span> <span class='ocrx_word' id='word_1_40' title='bbox 420 913 511 978; x_wconf 83' lang='lat' dir='ltr'><strong>milia</strong></span> <span class='ocrx_word' id='word_1_41' title='bbox 533 915 699 978; x_wconf 90' lang='lat' dir='ltr'><strong>hominum</strong></span> <span class='ocrx_word' id='word_1_42' title='bbox 721 916 756 978; x_wconf 92' lang='lat' dir='ltr'><strong>in</strong></span> <span class='ocrx_word' id='word_1_43' title='bbox 778 935 878 979; x_wconf 86' lang='lat' dir='ltr'><strong>neves</strong></span> <span class='ocrx_word' id='word_1_44' title='bbox 900 915 1080 1002; x_wconf 90' lang='lat' dir='ltr'><strong>impositos.</strong></span> <span class='ocrx_word' id='word_1_45' title='bbox 1103 915 1154 998; x_wconf 75' lang='lat'><strong>37,</strong></span> <span class='ocrx_word' id='word_1_46' title='bbox 1176 915 1228 979; x_wconf 88' lang='grc'><strong>39.</strong></span> <span class='ocrx_word' id='word_1_47' title='bbox 1272 914 1335 978; x_wconf 84' lang='lat' dir='ltr'><strong>Mit</strong></span> <span class='ocrx_word' id='word_1_48' title='bbox 1357 911 1410 976; x_wconf 83' lang='lat' dir='ltr'><strong>ob-</strong></span> 
     </span>
     <span class='ocr_line' id='line_1_7' title="bbox 274 1009 1411 1100; baseline -0.003 -21"><span class='ocrx_word' id='word_1_49' title='bbox 274 1013 512 1080; x_wconf 86' lang='lat' dir='ltr'><strong>wechselndem</strong></span> <span class='ocrx_word' id='word_1_50' title='bbox 529 1013 659 1080; x_wconf 81' lang='lat' dir='ltr'><strong>Genus:</strong></span> <span class='ocrx_word' id='word_1_51' title='bbox 682 1016 734 1095; x_wconf 88' lang='lat'><strong>44,</strong></span> <span class='ocrx_word' id='word_1_52' title='bbox 755 1016 799 1079; x_wconf 89' lang='grc'><strong>42</strong></span> <span class='ocrx_word' id='word_1_53' title='bbox 813 1037 909 1080; x_wconf 78' lang='lat' dir='ltr'><strong>caesa</strong></span> <span class='ocrx_word' id='word_1_54' title='bbox 929 1015 973 1080; x_wconf 82' lang='lat' dir='ltr'><strong>ed</strong></span> <span class='ocrx_word' id='word_1_55' title='bbox 994 1017 1113 1100; x_wconf 83' lang='lat' dir='ltr'><strong>viginti</strong></span> <span class='ocrx_word' id='word_1_56' title='bbox 1135 1009 1225 1078; x_wconf 79' lang='lat' dir='ltr'><strong>milia</strong></span> <span class='ocrx_word' id='word_1_57' title='bbox 1247 1013 1411 1080; x_wconf 90' lang='lat' dir='ltr'><strong>hominum</strong></span> 
     </span>
     <span class='ocr_line' id='line_1_8' title="bbox 275 1115 1408 1202; baseline -0.001 -23"><span class='ocrx_word' id='word_1_58' title='bbox 275 1126 367 1198; x_wconf 73' lang='lat' dir='ltr'><strong>sunt,</strong></span> <span class='ocrx_word' id='word_1_59' title='bbox 395 1115 438 1179; x_wconf 88' lang='lat' dir='ltr'><strong>ad</strong></span> <span class='ocrx_word' id='word_1_60' title='bbox 461 1137 520 1180; x_wconf 87' lang='lat' dir='ltr'><strong>sex</strong></span> <span class='ocrx_word' id='word_1_61' title='bbox 542 1117 647 1195; x_wconf 80' lang='lat' dir='ltr'><strong>milia,</strong></span> <span class='ocrx_word' id='word_1_62' title='bbox 678 1116 735 1201; x_wconf 89' lang='lat' dir='ltr'><strong>qui</strong></span> <span class='ocrx_word' id='word_1_63' title='bbox 756 1116 907 1201; x_wconf 79' lang='lat' dir='ltr'>Pydnam</span> <span class='ocrx_word' id='word_1_64' title='bbox 930 1117 1150 1202; x_wconf 75' lang='lat' dir='ltr'>perfugerant,</span> <span class='ocrx_word' id='word_1_65' title='bbox 1177 1116 1247 1180; x_wconf 87' lang='lat' dir='ltr'><strong>vivi</strong></span> <span class='ocrx_word' id='word_1_66' title='bbox 1268 1115 1302 1178; x_wconf 91' lang='lat' dir='ltr'><strong>in</strong></span> <span class='ocrx_word' id='word_1_67' title='bbox 1325 1124 1408 1201; x_wconf 81' lang='lat' dir='ltr'><strong>pote-</strong></span> 
     </span>
     <span class='ocr_line' id='line_1_9' title="bbox 275 1215 1412 1304; baseline -0.002 -24"><span class='ocrx_word' id='word_1_68' title='bbox 275 1225 393 1282; x_wconf 84' lang='lat' dir='ltr'><strong>statem</strong></span> <span class='ocrx_word' id='word_1_69' title='bbox 421 1228 598 1298; x_wconf 75' lang='lat' dir='ltr'><strong>venerumt,</strong></span> <span class='ocrx_word' id='word_1_70' title='bbox 629 1225 661 1280; x_wconf 88' lang='lat' dir='ltr'><strong>et</strong></span> <span class='ocrx_word' id='word_1_71' title='bbox 689 1218 766 1302; x_wconf 86' lang='lat' dir='ltr'><strong>vegi</strong></span> <span class='ocrx_word' id='word_1_72' title='bbox 793 1239 836 1282; x_wconf 87' lang='lat' dir='ltr'><strong>ex</strong></span> <span class='ocrx_word' id='word_1_73' title='bbox 863 1218 942 1302; x_wconf 76' lang='lat' dir='ltr'><strong>fuga</strong></span> <span class='ocrx_word' id='word_1_74' title='bbox 967 1218 1110 1304; x_wconf 89' lang='lat' dir='ltr'><strong>quinque</strong></span> <span class='ocrx_word' id='word_1_75' title='bbox 1137 1215 1227 1280; x_wconf 84' lang='lat' dir='ltr'><strong>milia</strong></span> <span class='ocrx_word' id='word_1_76' title='bbox 1249 1215 1412 1280; x_wconf 90' lang='lat' dir='ltr'><strong>hominum</strong></span> 
     </span>
     <span class='ocr_line' id='line_1_10' title="bbox 275 1315 1412 1408; baseline -0.003 -27"><span class='ocrx_word' id='word_1_77' title='bbox 275 1328 381 1402; x_wconf 81' lang='lat' dir='ltr'><strong>cepte.</strong></span> <span class='ocrx_word' id='word_1_78' title='bbox 400 1356 440 1364; x_wconf 97' lang='lat'>—</span> <span class='ocrx_word' id='word_1_79' title='bbox 458 1318 532 1382; x_wconf 86' lang='lat' dir='ltr'><strong>Wie</strong></span> <span class='ocrx_word' id='word_1_80' title='bbox 554 1316 613 1382; x_wconf 90' lang='lat' dir='ltr'><strong>der</strong></span> <span class='ocrx_word' id='word_1_81' title='bbox 628 1317 764 1404; x_wconf 82' lang='lat' dir='ltr'><strong>Aniong</strong></span> <span class='ocrx_word' id='word_1_82' title='bbox 786 1317 893 1383; x_wconf 81' lang='lat' dir='ltr'>dieser</span> <span class='ocrx_word' id='word_1_83' title='bbox 908 1318 1008 1384; x_wconf 89' lang='lat' dir='ltr'><strong>Stelle</strong></span> <span class='ocrx_word' id='word_1_84' title='bbox 1030 1319 1129 1404; x_wconf 81' lang='lat' dir='ltr'><strong>zeigt,</strong></span> <span class='ocrx_word' id='word_1_85' title='bbox 1152 1320 1197 1382; x_wconf 86' lang='lat' dir='ltr'><strong>ist</strong></span> <span class='ocrx_word' id='word_1_86' title='bbox 1217 1320 1250 1382; x_wconf 90' lang='lat' dir='ltr'><strong>in</strong></span> <span class='ocrx_word' id='word_1_87' title='bbox 1272 1315 1412 1408; x_wconf 86' lang='lat' dir='ltr'><strong>solchem</strong></span> 
     </span>
     <span class='ocr_line' id='line_1_11' title="bbox 275 1417 1411 1502; baseline -0.001 -22"><span class='ocrx_word' id='word_1_88' title='bbox 275 1417 366 1482; x_wconf 87' lang='lat' dir='ltr'><strong>Folle</strong></span> <span class='ocrx_word' id='word_1_89' title='bbox 389 1419 448 1483; x_wconf 85' lang='lat' dir='ltr'><strong>des</strong></span> <span class='ocrx_word' id='word_1_90' title='bbox 472 1419 689 1483; x_wconf 86' lang='lat' dir='ltr'><strong>Moscuiinum</strong></span> <span class='ocrx_word' id='word_1_91' title='bbox 712 1422 756 1483; x_wconf 93' lang='lat' dir='ltr'><strong>im</strong></span> <span class='ocrx_word' id='word_1_92' title='bbox 779 1419 934 1484; x_wconf 71' lang='lat' dir='ltr'><strong>Prtdicet</strong></span> <span class='ocrx_word' id='word_1_93' title='bbox 955 1420 1159 1502; x_wconf 84' lang='lat' dir='ltr'><strong>keineswegs</strong></span> <span class='ocrx_word' id='word_1_94' title='bbox 1186 1417 1411 1501; x_wconf 80' lang='lat' dir='ltr'><strong>nothwendig3</strong></span> 
     </span>
     <span class='ocr_line' id='line_1_12' title="bbox 273 1518 1287 1602; baseline -0.001 -20"><span class='ocrx_word' id='word_1_95' title='bbox 273 1519 357 1583; x_wconf 84' lang='lat' dir='ltr'><strong>auch</strong></span> <span class='ocrx_word' id='word_1_96' title='bbox 380 1531 472 1585; x_wconf 85' lang='lat' dir='ltr'><strong>sonst</strong></span> <span class='ocrx_word' id='word_1_97' title='bbox 494 1519 581 1584; x_wconf 83' lang='lat' dir='ltr'><strong>steht</strong></span> <span class='ocrx_word' id='word_1_98' title='bbox 603 1520 660 1584; x_wconf 84' lang='lat' dir='ltr'><strong>dus</strong></span> <span class='ocrx_word' id='word_1_99' title='bbox 684 1519 845 1584; x_wconf 81' lang='lat' dir='ltr'><strong>Neutrum</strong></span> <span class='ocrx_word' id='word_1_100' title='bbox 868 1543 897 1583; x_wconf 80' lang='lat' dir='ltr'><strong>n.</strong></span> <span class='ocrx_word' id='word_1_101' title='bbox 921 1519 959 1583; x_wconf 90' lang='lat' dir='ltr'><strong>B.</strong></span> <span class='ocrx_word' id='word_1_102' title='bbox 986 1520 1035 1602; x_wconf 87' lang='lat'><strong>10,</strong></span> <span class='ocrx_word' id='word_1_103' title='bbox 1062 1523 1077 1582; x_wconf 94' lang='lat'>1</span> <span class='ocrx_word' id='word_1_104' title='bbox 1104 1519 1186 1582; x_wconf 86' lang='lat' dir='ltr'><strong>zwei</strong></span> <span class='ocrx_word' id='word_1_105' title='bbox 1208 1518 1287 1583; x_wconf 79' lang='lat' dir='ltr'><strong>Mal.</strong></span> 
     </span>
    </p>
   </div>
   <div class='ocr_carea' id='block_1_3' title="bbox 359 1605 1520 1706">
    <p class='ocr_par' dir='ltr' id='par_1_3' title="bbox 359 1605 1520 1706">
     <span class='ocr_line' id='line_1_13' title="bbox 359 1605 1520 1706; baseline -0.001 -23"><span class='ocrx_word' id='word_1_106' title='bbox 359 1619 527 1684; x_wconf 82' lang='lat' dir='ltr'><strong>Curtius</strong></span> <span class='ocrx_word' id='word_1_107' title='bbox 550 1621 580 1700; x_wconf 88' lang='grc'><strong>4,</strong></span> <span class='ocrx_word' id='word_1_108' title='bbox 606 1620 645 1684; x_wconf 88' lang='grc'><strong>19</strong></span> <span class='ocrx_word' id='word_1_109' title='bbox 668 1605 732 1685; x_wconf 86' lang='lat' dir='ltr'><strong>duo</strong></span> <span class='ocrx_word' id='word_1_110' title='bbox 754 1621 845 1685; x_wconf 82' lang='lat' dir='ltr'><strong>milia</strong></span> <span class='ocrx_word' id='word_1_111' title='bbox 863 1621 1049 1706; x_wconf 80' lang='lat' dir='ltr'><strong>Tyriorum,</strong></span> <span class='ocrx_word' id='word_1_112' title='bbox 1072 1618 1223 1685; x_wconf 88' lang='lat' dir='ltr'><strong>crucibus</strong></span> <span class='ocrx_word' id='word_1_113' title='bbox 1236 1620 1342 1684; x_wconf 71' lang='lat' dir='ltr'><strong>effixi</strong></span> <span class='ocrx_word' id='word_1_114' title='bbox 1358 1628 1412 1682; x_wconf 87' lang='lat' dir='ltr'><strong>ott.</strong></span> <span class='ocrx_word' id='word_1_115' title='bbox 1519 1645 1520 1650; x_wconf 46' lang='lat'>¹</span> 
     </span>
    </p>
   </div>
   <div class='ocr_carea' id='block_1_4' title="bbox 273 1717 1414 2311">
    <p class='ocr_par' dir='ltr' id='par_1_4' title="bbox 274 1717 1413 2109">
     <span class='ocr_line' id='line_1_14' title="bbox 274 1717 1413 1786; baseline -0.002 -1"><span class='ocrx_word' id='word_1_116' title='bbox 274 1719 435 1786; x_wconf 89' lang='lat' dir='ltr'><strong>Aehnlich</strong></span> <span class='ocrx_word' id='word_1_117' title='bbox 458 1725 501 1785; x_wconf 88' lang='lat' dir='ltr'><strong>ist</strong></span> <span class='ocrx_word' id='word_1_118' title='bbox 523 1721 574 1785; x_wconf 90' lang='lat' dir='ltr'><strong>die</strong></span> <span class='ocrx_word' id='word_1_119' title='bbox 598 1722 807 1786; x_wconf 81' lang='lat' dir='ltr'><strong>Constructio</strong></span> <span class='ocrx_word' id='word_1_120' title='bbox 834 1723 877 1786; x_wconf 85' lang='lat' dir='ltr'><strong>ed</strong></span> <span class='ocrx_word' id='word_1_121' title='bbox 905 1743 1037 1785; x_wconf 86' lang='lat' dir='ltr'><strong>sensum</strong></span> <span class='ocrx_word' id='word_1_122' title='bbox 1064 1721 1110 1784; x_wconf 92' lang='lat' dir='ltr'><strong>im</strong></span> <span class='ocrx_word' id='word_1_123' title='bbox 1132 1717 1413 1785; x_wconf 79' lang='lat' dir='ltr'><strong>Relativsetze</strong></span> 
     </span>
     <span class='ocr_line' id='line_1_15' title="bbox 275 1821 1412 1909; baseline -0.001 -25"><span class='ocrx_word' id='word_1_124' title='bbox 275 1821 328 1885; x_wconf 89' lang='lat' dir='ltr'><strong>bei</strong></span> <span class='ocrx_word' id='word_1_125' title='bbox 351 1822 419 1886; x_wconf 85' lang='lat' dir='ltr'><strong>Cic.</strong></span> <span class='ocrx_word' id='word_1_126' title='bbox 443 1821 538 1886; x_wconf 91' lang='lat' dir='ltr'><strong>Verr.</strong></span> <span class='ocrx_word' id='word_1_127' title='bbox 561 1822 592 1904; x_wconf 83' lang='lat'><strong>2,</strong></span> <span class='ocrx_word' id='word_1_128' title='bbox 615 1822 658 1887; x_wconf 83' lang='lat'><strong>32</strong></span> <span class='ocrx_word' id='word_1_129' title='bbox 680 1821 767 1908; x_wconf 90' lang='lat' dir='ltr'><strong>quod</strong></span> <span class='ocrx_word' id='word_1_130' title='bbox 788 1843 932 1909; x_wconf 86' lang='lat' dir='ltr'><strong>unquam</strong></span> <span class='ocrx_word' id='word_1_131' title='bbox 954 1821 1142 1887; x_wconf 90' lang='lat' dir='ltr'><strong>huiusmodi</strong></span> <span class='ocrx_word' id='word_1_132' title='bbox 1170 1831 1352 1885; x_wconf 88' lang='lat' dir='ltr'><strong>monstrum</strong></span> <span class='ocrx_word' id='word_1_133' title='bbox 1373 1859 1412 1870; x_wconf 90' lang='lat'><em>-</em></span> 
     </span>
     <span class='ocr_line' id='line_1_16' title="bbox 274 1921 1413 2009; baseline 0 -25"><span class='ocrx_word' id='word_1_134' title='bbox 274 1922 362 1987; x_wconf 82' lang='lat' dir='ltr'><strong>darm</strong></span> <span class='ocrx_word' id='word_1_135' title='bbox 383 1922 483 2009; x_wconf 87' lang='lat' dir='ltr'><strong>folgt:</strong></span> <span class='ocrx_word' id='word_1_136' title='bbox 507 1924 575 2009; x_wconf 91' lang='lat' dir='ltr'><strong>qui</strong></span> <span class='ocrx_word' id='word_1_137' title='bbox 597 1933 647 1988; x_wconf 87' lang='lat' dir='ltr'><strong>est</strong></span> <span class='ocrx_word' id='word_1_138' title='bbox 668 1933 847 1990; x_wconf 86' lang='lat' dir='ltr'><strong>essecutus.</strong></span> <span class='ocrx_word' id='word_1_139' title='bbox 869 1923 913 1988; x_wconf 84' lang='lat' dir='ltr'><strong>ed</strong></span> <span class='ocrx_word' id='word_1_140' title='bbox 934 1924 1013 1988; x_wconf 87' lang='lat' dir='ltr'><strong>fem.</strong></span> <span class='ocrx_word' id='word_1_141' title='bbox 1039 1927 1066 2006; x_wconf 95' lang='lat' dir='ltr'><strong>l,</strong></span> <span class='ocrx_word' id='word_1_142' title='bbox 1092 1923 1121 2003; x_wconf 89' lang='grc'><strong>9,</strong></span> <span class='ocrx_word' id='word_1_143' title='bbox 1146 1924 1186 1988; x_wconf 87' lang='lat'><strong>15</strong></span> <span class='ocrx_word' id='word_1_144' title='bbox 1200 1921 1258 1986; x_wconf 83' lang='lat' dir='ltr'><strong>ille</strong></span> <span class='ocrx_word' id='word_1_145' title='bbox 1272 1921 1361 1986; x_wconf 81' lang='lat' dir='ltr'><strong>furis</strong></span> <span class='ocrx_word' id='word_1_146' title='bbox 1375 1957 1413 1968; x_wconf 90' lang='lat'>—</span> 
     </span>
     <span class='ocr_line' id='line_1_17' title="bbox 275 2024 596 2109; baseline 0.003 -22"><span class='ocrx_word' id='word_1_147' title='bbox 275 2024 330 2109; x_wconf 92' lang='lat' dir='ltr'><strong>qui</strong></span> <span class='ocrx_word' id='word_1_148' title='bbox 352 2061 395 2073; x_wconf 91' lang='lat'><em>-</em></span> <span class='ocrx_word' id='word_1_149' title='bbox 417 2033 596 2090; x_wconf 86' lang='lat' dir='ltr'><strong>essecutus.</strong></span> 
     </span>
    </p>

    <p class='ocr_par' dir='ltr' id='par_1_5' title="bbox 273 2123 1414 2311">
     <span class='ocr_line' id='line_1_18' title="bbox 358 2123 1414 2191; baseline 0 -3"><span class='ocrx_word' id='word_1_150' title='bbox 358 2125 428 2188; x_wconf 85' lang='lat' dir='ltr'><strong>Ans</strong></span> <span class='ocrx_word' id='word_1_151' title='bbox 450 2127 556 2190; x_wconf 87' lang='lat' dir='ltr'><strong>einem</strong></span> <span class='ocrx_word' id='word_1_152' title='bbox 579 2126 834 2190; x_wconf 81' lang='lat' dir='ltr'><strong>Nebeneetne</strong></span> <span class='ocrx_word' id='word_1_153' title='bbox 855 2126 938 2191; x_wconf 82' lang='lat' dir='ltr'><strong>wind</strong></span> <span class='ocrx_word' id='word_1_154' title='bbox 960 2125 1018 2190; x_wconf 85' lang='lat' dir='ltr'><strong>des</strong></span> <span class='ocrx_word' id='word_1_155' title='bbox 1043 2124 1154 2190; x_wconf 84' lang='lat' dir='ltr'><strong>Genus</strong></span> <span class='ocrx_word' id='word_1_156' title='bbox 1182 2125 1239 2189; x_wconf 92' lang='lat' dir='ltr'><strong>des</strong></span> <span class='ocrx_word' id='word_1_157' title='bbox 1262 2123 1414 2188; x_wconf 79' lang='lat' dir='ltr'><strong>Prttdiee·</strong></span> 
     </span>
     <span class='ocr_line' id='line_1_19' title="bbox 273 2224 1414 2311; baseline 0 -21"><span class='ocrx_word' id='word_1_158' title='bbox 273 2235 322 2290; x_wconf 93' lang='lat' dir='ltr'><strong>tes</strong></span> <span class='ocrx_word' id='word_1_159' title='bbox 345 2235 567 2291; x_wconf 84' lang='lat' dir='ltr'><strong>entnommen:</strong></span> <span class='ocrx_word' id='word_1_160' title='bbox 592 2227 682 2292; x_wconf 79' lang='lat' dir='ltr'><strong>Tse.</strong></span> <span class='ocrx_word' id='word_1_161' title='bbox 705 2249 780 2302; x_wconf 81' lang='lat' dir='ltr'><strong>anu.</strong></span> <span class='ocrx_word' id='word_1_162' title='bbox 802 2228 833 2310; x_wconf 84' lang='lat'><strong>4,</strong></span> <span class='ocrx_word' id='word_1_163' title='bbox 855 2227 897 2290; x_wconf 88' lang='grc'><strong>48</strong></span> <span class='ocrx_word' id='word_1_164' title='bbox 913 2227 1095 2292; x_wconf 82' lang='lat' dir='ltr'><strong>Thraecum</strong></span> <span class='ocrx_word' id='word_1_165' title='bbox 1107 2224 1232 2291; x_wconf 81' lang='lat' dir='ltr'><strong>auxilie</strong></span> <span class='ocrx_word' id='word_1_166' title='bbox 1245 2227 1414 2311; x_wconf 86' lang='lat' dir='ltr'><strong>repentino</strong></span> 
     </span>
    </p>
   </div>
   <div class='ocr_carea' id='block_1_5' title="bbox 274 2315 1520 2414">
    <p class='ocr_par' dir='ltr' id='par_1_6' title="bbox 274 2315 1520 2414">
     <span class='ocr_line' id='line_1_20' title="bbox 274 2315 1520 2414; baseline 0 -25"><span class='ocrx_word' id='word_1_167' title='bbox 274 2326 408 2390; x_wconf 87' lang='lat' dir='ltr'><strong>incursu</strong></span> <span class='ocrx_word' id='word_1_168' title='bbox 435 2329 562 2409; x_wconf 86' lang='lat' dir='ltr'><strong>territa,</strong></span> <span class='ocrx_word' id='word_1_169' title='bbox 589 2338 668 2392; x_wconf 71' lang='lat' dir='ltr'><strong>&#39;cum</strong></span> <span class='ocrx_word' id='word_1_170' title='bbox 701 2349 774 2414; x_wconf 88' lang='lat' dir='ltr'><strong>pers</strong></span> <span class='ocrx_word' id='word_1_171' title='bbox 803 2327 1037 2394; x_wconf 84' lang='lat' dir='ltr'><strong>munitionibus</strong></span> <span class='ocrx_word' id='word_1_172' title='bbox 1071 2327 1273 2406; x_wconf 77' lang='lat' dir='ltr'><strong>ediscerent,</strong></span> <span class='ocrx_word' id='word_1_173' title='bbox 1305 2327 1414 2412; x_wconf 88' lang='lat' dir='ltr'><strong>plures</strong></span> <span class='ocrx_word' id='word_1_174' title='bbox 1519 2315 1520 2340; x_wconf 59' lang='lat'>¹</span> 
     </span>
    </p>
   </div>
   <div class='ocr_carea' id='block_1_6' title="bbox 273 2427 1520 2632">
    <p class='ocr_par' dir='ltr' id='par_1_7' title="bbox 273 2427 1520 2632">
     <span class='ocr_line' id='line_1_21' title="bbox 273 2427 1520 2522; baseline 0 -31"><span class='ocrx_word' id='word_1_175' title='bbox 273 2436 369 2491; x_wconf 85' lang='lat' dir='ltr'><strong>extra</strong></span> <span class='ocrx_word' id='word_1_176' title='bbox 389 2427 587 2510; x_wconf 72' lang='lat' dir='ltr'><strong>palarentur,</strong></span> <span class='ocrx_word' id='word_1_177' title='bbox 610 2439 701 2494; x_wconf 82' lang='lat' dir='ltr'><strong>tanto</strong></span> <span class='ocrx_word' id='word_1_178' title='bbox 723 2429 882 2494; x_wconf 84' lang='lat' dir='ltr'><strong>infensius</strong></span> <span class='ocrx_word' id='word_1_179' title='bbox 897 2431 988 2494; x_wconf 80' lang='lat' dir='ltr'><strong>coesi.</strong></span> <span class='ocrx_word' id='word_1_180' title='bbox 1021 2428 1197 2496; x_wconf 82' lang='lat' dir='ltr'><strong>Innerhalb</strong></span> <span class='ocrx_word' id='word_1_181' title='bbox 1212 2429 1270 2492; x_wconf 88' lang='lat' dir='ltr'><strong>des</strong></span> <span class='ocrx_word' id='word_1_182' title='bbox 1286 2427 1414 2494; x_wconf 88' lang='lat' dir='ltr'><strong>Neben·</strong></span> <span class='ocrx_word' id='word_1_183' title='bbox 1519 2511 1520 2522; x_wconf 70' lang='lat'><strong>.</strong></span> 
     </span>
     <span class='ocr_line' id='line_1_22' title="bbox 274 2528 1520 2632; baseline -0.001 -40"><span class='ocrx_word' id='word_1_184' title='bbox 274 2535 399 2592; x_wconf 83' lang='lat' dir='ltr'><strong>setnes:</strong></span> <span class='ocrx_word' id='word_1_185' title='bbox 423 2529 467 2593; x_wconf 92' lang='lat' dir='ltr'><strong>ib.</strong></span> <span class='ocrx_word' id='word_1_186' title='bbox 486 2531 535 2610; x_wconf 85' lang='lat'><strong>14,</strong></span> <span class='ocrx_word' id='word_1_187' title='bbox 558 2529 597 2593; x_wconf 88' lang='grc'><strong>61</strong></span> <span class='ocrx_word' id='word_1_188' title='bbox 623 2531 768 2594; x_wconf 87' lang='lat' dir='ltr'><strong>servitiis</strong></span> <span class='ocrx_word' id='word_1_189' title='bbox 786 2529 957 2612; x_wconf 75' lang='lat' dir='ltr'><strong>Octaviae,</strong></span> <span class='ocrx_word' id='word_1_190' title='bbox 980 2552 1063 2616; x_wconf 83' lang='lat' dir='ltr'><strong>quae</strong></span> <span class='ocrx_word' id='word_1_191' title='bbox 1084 2528 1189 2624; x_wconf 75' lang='lat' dir='ltr'><strong>plebis</strong></span> <span class='ocrx_word' id='word_1_192' title='bbox 1212 2529 1276 2595; x_wconf 92' lang='lat' dir='ltr'><strong>sibi</strong></span> <span class='ocrx_word' id='word_1_193' title='bbox 1299 2550 1416 2594; x_wconf 85' lang='lat' dir='ltr'><strong>nomen</strong></span> <span class='ocrx_word' id='word_1_194' title='bbox 1519 2591 1520 2632; x_wconf 24' lang='grc' dir='ltr'>ἢ</span> 
     </span>
    </p>
   </div>
   <div class='ocr_carea' id='block_1_7' title="bbox 274 2619 1520 2819">
    <p class='ocr_par' dir='ltr' id='par_1_8' title="bbox 274 2619 1520 2819">
     <span class='ocr_line' id='line_1_23' title="bbox 274 2619 1520 2718; baseline 0.001 -25"><span class='ocrx_word' id='word_1_195' title='bbox 274 2628 467 2711; x_wconf 82' lang='lat' dir='ltr'><strong>indiderint,</strong></span> <span class='ocrx_word' id='word_1_196' title='bbox 491 2651 528 2695; x_wconf 79' lang='lat' dir='ltr'><strong>ea</strong></span> <span class='ocrx_word' id='word_1_197' title='bbox 543 2631 576 2694; x_wconf 92' lang='lat' dir='ltr'><strong>in</strong></span> <span class='ocrx_word' id='word_1_198' title='bbox 592 2651 674 2718; x_wconf 80' lang='lat' dir='ltr'><strong>pace</strong></span> <span class='ocrx_word' id='word_1_199' title='bbox 695 2632 795 2696; x_wconf 88' lang='lat' dir='ltr'><strong>ausi.</strong></span> <span class='ocrx_word' id='word_1_200' title='bbox 819 2630 896 2696; x_wconf 88' lang='lat' dir='ltr'><strong>hist.</strong></span> <span class='ocrx_word' id='word_1_201' title='bbox 922 2633 949 2715; x_wconf 88' lang='lat'><strong>1,</strong></span> <span class='ocrx_word' id='word_1_202' title='bbox 971 2631 1011 2696; x_wconf 89' lang='grc'><strong>31</strong></span> <span class='ocrx_word' id='word_1_203' title='bbox 1029 2619 1224 2696; x_wconf 77' lang='lat' dir='ltr'><strong>Germanice</strong></span> <span class='ocrx_word' id='word_1_204' title='bbox 1239 2627 1414 2694; x_wconf 81' lang='lat' dir='ltr'><strong>vexilla-</strong></span> <span class='ocrx_word' id='word_1_205' title='bbox 1447 2656 1451 2665; x_wconf 89' lang='lat'><strong>·</strong></span> <span class='ocrx_word' id='word_1_206' title='bbox 1519 2633 1520 2648; x_wconf 70' lang='lat'><em>³</em></span> 
     </span>
     <span class='ocr_line' id='line_1_24' title="bbox 274 2729 1520 2819; baseline 0.001 -25"><span class='ocrx_word' id='word_1_207' title='bbox 274 2729 361 2816; x_wconf 90' lang='lat' dir='ltr'><strong>quod</strong></span> <span class='ocrx_word' id='word_1_208' title='bbox 390 2751 454 2794; x_wconf 88' lang='lat' dir='ltr'><strong>eos</strong></span> <span class='ocrx_word' id='word_1_209' title='bbox 477 2769 518 2780; x_wconf 94' lang='lat'><em>—</em></span> <span class='ocrx_word' id='word_1_210' title='bbox 548 2732 743 2819; x_wconf 83' lang='lat' dir='ltr'><strong>praemissos</strong></span> <span class='ocrx_word' id='word_1_211' title='bbox 770 2742 869 2818; x_wconf 85' lang='lat' dir='ltr'><strong>atque</strong></span> <span class='ocrx_word' id='word_1_212' title='bbox 900 2769 938 2779; x_wconf 89' lang='lat'>-</span> <span class='ocrx_word' id='word_1_213' title='bbox 967 2752 1084 2817; x_wconf 74' lang='lat' dir='ltr'><strong>aegros</strong></span> <span class='ocrx_word' id='word_1_214' title='bbox 1112 2731 1309 2817; x_wconf 78' lang='lat' dir='ltr'><strong>impensiore</strong></span> <span class='ocrx_word' id='word_1_215' title='bbox 1338 2753 1416 2797; x_wconf 84' lang='lat' dir='ltr'><strong>eura</strong></span> <span class='ocrx_word' id='word_1_216' title='bbox 1519 2747 1520 2750; x_wconf 73' lang='grc'>’</span> 
     </span>
    </p>
   </div>
   <div class='ocr_carea' id='block_1_8' title="bbox 267 2830 1520 4232">
    <p class='ocr_par' dir='ltr' id='par_1_9' title="bbox 267 2830 1520 4232">
     <span class='ocr_line' id='line_1_25' title="bbox 274 2830 1520 2924; baseline 0.004 -28"><span class='ocrx_word' id='word_1_217' title='bbox 274 2830 383 2896; x_wconf 79' lang='lat' dir='ltr'><strong>Galba</strong></span> <span class='ocrx_word' id='word_1_218' title='bbox 404 2832 588 2898; x_wconf 82' lang='lat' dir='ltr'><strong>refovebat.</strong></span> <span class='ocrx_word' id='word_1_219' title='bbox 881 2874 882 2880; x_wconf 23' lang='grc' dir='ltr'><strong>κ</strong></span> <span class='ocrx_word' id='word_1_220' title='bbox 1519 2899 1520 2924; x_wconf 55' lang='grc'>,</span> 
     </span>
     <span class='ocr_line' id='line_1_26' title="bbox 331 2936 1416 3021; baseline 0.003 -24"><span class='ocrx_word' id='word_1_221' title='bbox 331 2940 391 3021; x_wconf 46' lang='lat' dir='ltr'><strong>S.</strong></span> <span class='ocrx_word' id='word_1_222' title='bbox 429 2936 498 2998; x_wconf 88' lang='lat' dir='ltr'><strong>lli.</strong></span> <span class='ocrx_word' id='word_1_223' title='bbox 546 2943 773 3011; x_wconf 78' lang='lat' dir='ltr'><strong>Verbindung</strong></span> <span class='ocrx_word' id='word_1_224' title='bbox 808 2943 1104 3010; x_wconf 76' lang='lat' dir='ltr'><strong>demonstrativos,</strong></span> <span class='ocrx_word' id='word_1_225' title='bbox 1141 2943 1299 3001; x_wconf 76' lang='lat' dir='ltr'><strong>relettver</strong></span> <span class='ocrx_word' id='word_1_226' title='bbox 1334 2947 1416 3002; x_wconf 84' lang='lat' dir='ltr'><strong>oder</strong></span> 
     </span>
     <span class='ocr_line' id='line_1_27' title="bbox 273 3044 1416 3114; baseline 0.001 -13"><span class='ocrx_word' id='word_1_227' title='bbox 273 3044 532 3114; x_wconf 69' lang='lat' dir='ltr'><strong>interrogativer</strong></span> <span class='ocrx_word' id='word_1_228' title='bbox 555 3045 760 3102; x_wconf 82' lang='lat' dir='ltr'><strong>Pronomine</strong></span> <span class='ocrx_word' id='word_1_229' title='bbox 788 3046 852 3103; x_wconf 87' lang='lat' dir='ltr'><strong>mit</strong></span> <span class='ocrx_word' id='word_1_230' title='bbox 880 3046 990 3102; x_wconf 84' lang='lat' dir='ltr'><strong>etnem</strong></span> <span class='ocrx_word' id='word_1_231' title='bbox 1019 3044 1203 3112; x_wconf 73' lang='lat' dir='ltr'><strong>folgenden</strong></span> <span class='ocrx_word' id='word_1_232' title='bbox 1223 3046 1416 3104; x_wconf 72' lang='lat' dir='ltr'><strong>Predicets·</strong></span> 
     </span>
     <span class='ocr_line' id='line_1_28' title="bbox 267 3139 1414 3222; baseline 0.003 -21"><span class='ocrx_word' id='word_1_233' title='bbox 267 3139 447 3222; x_wconf 70' lang='lat' dir='ltr'><strong>&#39;nomen*).</strong></span> <span class='ocrx_word' id='word_1_234' title='bbox 1410 3167 1414 3175; x_wconf 89' lang='lat'>·</span> 
     </span>
     <span class='ocr_line' id='line_1_29' title="bbox 357 3237 1417 3324; baseline 0 -22"><span class='ocrx_word' id='word_1_235' title='bbox 357 3237 607 3324; x_wconf 86' lang='lat' dir='ltr'><strong>Regelrechtiet</strong></span> <span class='ocrx_word' id='word_1_236' title='bbox 618 3239 672 3304; x_wconf 93' lang='lat' dir='ltr'><strong>die</strong></span> <span class='ocrx_word' id='word_1_237' title='bbox 688 3239 1167 3324; x_wconf 85' lang='lat' dir='ltr'><strong>Uebereinstimmungim</strong></span> <span class='ocrx_word' id='word_1_238' title='bbox 1181 3239 1305 3320; x_wconf 83' lang='lat' dir='ltr'><strong>Genus,</strong></span> <span class='ocrx_word' id='word_1_239' title='bbox 1320 3261 1417 3304; x_wconf 87' lang='lat' dir='ltr'><strong>wenn</strong></span> 
     </span>
     <span class='ocr_line' id='line_1_30' title="bbox 274 3319 1520 3428; baseline -0.001 -25"><span class='ocrx_word' id='word_1_240' title='bbox 274 3338 333 3403; x_wconf 85' lang='lat' dir='ltr'><strong>des</strong></span> <span class='ocrx_word' id='word_1_241' title='bbox 348 3338 638 3405; x_wconf 78' lang='lat' dir='ltr'><strong>Prttdicetsnomen</strong></span> <span class='ocrx_word' id='word_1_242' title='bbox 652 3341 735 3406; x_wconf 82' lang='lat' dir='ltr'><strong>auch</strong></span> <span class='ocrx_word' id='word_1_243' title='bbox 758 3342 811 3406; x_wconf 89' lang='lat' dir='ltr'><strong>b&#39;ei</strong></span> <span class='ocrx_word' id='word_1_244' title='bbox 834 3341 908 3404; x_wconf 88' lang='lat' dir='ltr'><strong>dem</strong></span> <span class='ocrx_word' id='word_1_245' title='bbox 931 3340 1176 3427; x_wconf 82' lang='lat' dir='ltr'><strong>pronominslen</strong></span> <span class='ocrx_word' id='word_1_246' title='bbox 1195 3341 1355 3428; x_wconf 77' lang='lat' dir='ltr'><strong>subjecte</strong></span> <span class='ocrx_word' id='word_1_247' title='bbox 1378 3361 1417 3403; x_wconf 85' lang='lat' dir='ltr'><strong>nu</strong></span> <span class='ocrx_word' id='word_1_248' title='bbox 1519 3319 1520 3338; x_wconf 40' lang='lat'>¹</span> 
     </span>
     <span class='ocr_line' id='line_1_31' title="bbox 274 3438 1417 3527; baseline 0.003 -23"><span class='ocrx_word' id='word_1_249' title='bbox 274 3438 488 3527; x_wconf 90' lang='lat' dir='ltr'><strong>suppliren</strong></span> <span class='ocrx_word' id='word_1_250' title='bbox 510 3442 572 3506; x_wconf 89' lang='lat' dir='ltr'><strong>ist:</strong></span> <span class='ocrx_word' id='word_1_251' title='bbox 597 3441 722 3524; x_wconf 79' lang='lat' dir='ltr'><strong>Cicde</strong></span> <span class='ocrx_word' id='word_1_252' title='bbox 738 3465 805 3507; x_wconf 88' lang='lat' dir='ltr'><strong>sen.</strong></span> <span class='ocrx_word' id='word_1_253' title='bbox 831 3443 879 3523; x_wconf 87' lang='lat'><strong>18,</strong></span> <span class='ocrx_word' id='word_1_254' title='bbox 902 3440 1267 3526; x_wconf 60' lang='lat' dir='ltr'><strong>senescentibus)</strong></span> <span class='ocrx_word' id='word_1_255' title='bbox 1290 3464 1417 3508; x_wconf 87' lang='lat' dir='ltr'><strong>morum</strong></span> 
     </span>
     <span class='ocr_line' id='line_1_32' title="bbox 274 3541 1418 3627; baseline 0.002 -23"><span class='ocrx_word' id='word_1_256' title='bbox 274 3542 357 3606; x_wconf 82' lang='lat' dir='ltr'><strong>vitia</strong></span> <span class='ocrx_word' id='word_1_257' title='bbox 379 3551 465 3623; x_wconf 90' lang='lat' dir='ltr'><strong>sunt,</strong></span> <span class='ocrx_word' id='word_1_258' title='bbox 488 3563 553 3606; x_wconf 92' lang='lat' dir='ltr'><strong>non</strong></span> <span class='ocrx_word' id='word_1_259' title='bbox 575 3541 760 3607; x_wconf 71' lang='lat' dir='ltr'><strong>senectutis.</strong></span> <span class='ocrx_word' id='word_1_260' title='bbox 805 3543 897 3607; x_wconf 81' lang='lat' dir='ltr'><strong>Brut.</strong></span> <span class='ocrx_word' id='word_1_261' title='bbox 912 3543 955 3608; x_wconf 84' lang='lat'><strong>35</strong></span> <span class='ocrx_word' id='word_1_262' title='bbox 977 3543 1057 3608; x_wconf 83' lang='lat' dir='ltr'><strong>haec</strong></span> <span class='ocrx_word' id='word_1_263' title='bbox 1078 3565 1152 3608; x_wconf 85' lang='lat' dir='ltr'><strong>mec</strong></span> <span class='ocrx_word' id='word_1_264' title='bbox 1173 3542 1271 3627; x_wconf 79' lang='lat' dir='ltr'><strong>culpe</strong></span> <span class='ocrx_word' id='word_1_265' title='bbox 1292 3555 1354 3609; x_wconf 85' lang='lat' dir='ltr'><strong>est.</strong></span> <span class='ocrx_word' id='word_1_266' title='bbox 1377 3543 1418 3606; x_wconf 88' lang='lat' dir='ltr'><strong>de</strong></span> 
     </span>
     <span class='ocr_line' id='line_1_33' title="bbox 274 3641 1416 3736; baseline -0.002 -29"><span class='ocrx_word' id='word_1_267' title='bbox 274 3664 320 3707; x_wconf 89' lang='lat' dir='ltr'><strong>or.</strong></span> <span class='ocrx_word' id='word_1_268' title='bbox 346 3643 376 3724; x_wconf 88' lang='lat'><strong>1,</strong></span> <span class='ocrx_word' id='word_1_269' title='bbox 405 3643 445 3707; x_wconf 92' lang='grc'><strong>18</strong></span> <span class='ocrx_word' id='word_1_270' title='bbox 474 3641 533 3706; x_wconf 87' lang='lat' dir='ltr'><strong>sed</strong></span> <span class='ocrx_word' id='word_1_271' title='bbox 561 3643 641 3708; x_wconf 87' lang='lat' dir='ltr'><strong>heee</strong></span> <span class='ocrx_word' id='word_1_272' title='bbox 670 3653 740 3708; x_wconf 82' lang='lat' dir='ltr'><strong>eret</strong></span> <span class='ocrx_word' id='word_1_273' title='bbox 766 3644 900 3731; x_wconf 85' lang='lat' dir='ltr'><strong>spinosa</strong></span> <span class='ocrx_word' id='word_1_274' title='bbox 929 3643 1088 3730; x_wconf 83' lang='lat' dir='ltr'><strong>quaedem</strong></span> <span class='ocrx_word' id='word_1_275' title='bbox 1101 3653 1150 3736; x_wconf 48' lang='lat' dir='ltr'><strong>,et</strong></span> <span class='ocrx_word' id='word_1_276' title='bbox 1177 3643 1273 3709; x_wconf 86' lang='lat' dir='ltr'><strong>exilis</strong></span> <span class='ocrx_word' id='word_1_277' title='bbox 1302 3646 1416 3712; x_wconf 82' lang='lat' dir='ltr'><strong>cretio.</strong></span> 
     </span>
     <span class='ocr_line' id='line_1_34' title="bbox 274 3725 1417 3834; baseline 0.003 -27"><span class='ocrx_word' id='word_1_278' title='bbox 274 3743 349 3808; x_wconf 86' lang='lat' dir='ltr'><strong>Liv.</strong></span> <span class='ocrx_word' id='word_1_279' title='bbox 381 3743 433 3827; x_wconf 83' lang='lat'><strong>22,</strong></span> <span class='ocrx_word' id='word_1_280' title='bbox 463 3746 480 3808; x_wconf 77' lang='grc'>7</span> <span class='ocrx_word' id='word_1_281' title='bbox 510 3742 589 3807; x_wconf 85' lang='lat' dir='ltr'><strong>hoec</strong></span> <span class='ocrx_word' id='word_1_282' title='bbox 622 3725 695 3829; x_wconf 57' lang='lat' dir='ltr'><strong>(ses</strong></span> <span class='ocrx_word' id='word_1_283' title='bbox 715 3746 845 3832; x_wconf 82' lang='lat' dir='ltr'><strong>pugna)</strong></span> <span class='ocrx_word' id='word_1_284' title='bbox 880 3754 932 3809; x_wconf 86' lang='lat' dir='ltr'><strong>est</strong></span> <span class='ocrx_word' id='word_1_285' title='bbox 959 3743 1079 3809; x_wconf 88' lang='lat' dir='ltr'><strong>nobilis</strong></span> <span class='ocrx_word' id='word_1_286' title='bbox 1106 3745 1149 3810; x_wconf 82' lang='lat' dir='ltr'><strong>sd</strong></span> <span class='ocrx_word' id='word_1_287' title='bbox 1176 3745 1417 3834; x_wconf 74' lang='lat' dir='ltr'><strong>Trasumenum</strong></span> 
     </span>
     <span class='ocr_line' id='line_1_35' title="bbox 276 3843 1417 3932; baseline 0.004 -26"><span class='ocrx_word' id='word_1_288' title='bbox 276 3864 396 3928; x_wconf 85' lang='lat' dir='ltr'><strong>pugne.</strong></span> <span class='ocrx_word' id='word_1_289' title='bbox 440 3843 516 3908; x_wconf 89' lang='lat' dir='ltr'><strong>Sen.</strong></span> <span class='ocrx_word' id='word_1_290' title='bbox 540 3865 590 3930; x_wconf 91' lang='lat' dir='ltr'><strong>ep.</strong></span> <span class='ocrx_word' id='word_1_291' title='bbox 613 3845 644 3926; x_wconf 83' lang='lat'><strong>9,</strong></span> <span class='ocrx_word' id='word_1_292' title='bbox 668 3845 688 3907; x_wconf 91' lang='grc'><strong>9</strong></span> <span class='ocrx_word' id='word_1_293' title='bbox 709 3847 773 3909; x_wconf 84' lang='lat' dir='ltr'><strong>iste</strong></span> <span class='ocrx_word' id='word_1_294' title='bbox 793 3867 890 3930; x_wconf 83' lang='lat' dir='ltr'><strong>quem</strong></span> <span class='ocrx_word' id='word_1_295' title='bbox 913 3855 949 3910; x_wconf 90' lang='lat' dir='ltr'><strong>tu</strong></span> <span class='ocrx_word' id='word_1_296' title='bbox 967 3845 1137 3928; x_wconf 85' lang='lat' dir='ltr'><strong>describis,</strong></span> <span class='ocrx_word' id='word_1_297' title='bbox 1159 3847 1340 3932; x_wconf 78' lang='lat' dir='ltr'><strong>negotiatio</strong></span> <span class='ocrx_word' id='word_1_298' title='bbox 1356 3857 1417 3926; x_wconf 87' lang='lat' dir='ltr'><strong>est,</strong></span> 
     </span>
     <span class='ocr_line' id='line_1_36' title="bbox 274 3943 1417 4032; baseline 0.003 -25"><span class='ocrx_word' id='word_1_299' title='bbox 274 3965 339 4007; x_wconf 89' lang='lat' dir='ltr'><strong>non</strong></span> <span class='ocrx_word' id='word_1_300' title='bbox 361 3943 516 4008; x_wconf 80' lang='lat' dir='ltr'><strong>amicitie.</strong></span> <span class='ocrx_word' id='word_1_301' title='bbox 559 3943 755 4029; x_wconf 82' lang='lat' dir='ltr'><strong>Unmb&#39;giich</strong></span> <span class='ocrx_word' id='word_1_302' title='bbox 776 3946 822 4011; x_wconf 89' lang='lat' dir='ltr'><strong>ist</strong></span> <span class='ocrx_word' id='word_1_303' title='bbox 843 3947 993 4032; x_wconf 85' lang='lat' dir='ltr'><strong>degegen</strong></span> <span class='ocrx_word' id='word_1_304' title='bbox 1007 3947 1060 4012; x_wconf 91' lang='lat' dir='ltr'><strong>die</strong></span> <span class='ocrx_word' id='word_1_305' title='bbox 1075 3945 1417 4031; x_wconf 87' lang='lat' dir='ltr'><strong>Uebereinstimmung</strong></span> 
     </span>
     <span class='ocr_line' id='line_1_37' title="bbox 276 4042 1415 4136; baseline 0.005 -30"><span class='ocrx_word' id='word_1_306' title='bbox 276 4042 333 4106; x_wconf 88' lang='lat' dir='ltr'><strong>des</strong></span> <span class='ocrx_word' id='word_1_307' title='bbox 360 4043 632 4128; x_wconf 82' lang='lat' dir='ltr'><strong>Fregeworts,</strong></span> <span class='ocrx_word' id='word_1_308' title='bbox 661 4067 756 4110; x_wconf 85' lang='lat' dir='ltr'><strong>wenn</strong></span> <span class='ocrx_word' id='word_1_309' title='bbox 784 4047 856 4112; x_wconf 88' lang='lat' dir='ltr'><strong>eine</strong></span> <span class='ocrx_word' id='word_1_310' title='bbox 884 4047 1119 4114; x_wconf 80' lang='lat' dir='ltr'><strong>Definition</strong></span> <span class='ocrx_word' id='word_1_311' title='bbox 1144 4048 1297 4136; x_wconf 85' lang='lat' dir='ltr'><strong>verlengt</strong></span> <span class='ocrx_word' id='word_1_312' title='bbox 1322 4049 1415 4126; x_wconf 80' lang='lat' dir='ltr'><strong>wind,</strong></span> 
     </span>
     <span class='ocr_line' id='line_1_38' title="bbox 276 4144 1415 4232; baseline 0.007 -26"><span class='ocrx_word' id='word_1_313' title='bbox 276 4144 353 4207; x_wconf 86' lang='lat' dir='ltr'><strong>wie:</strong></span> <span class='ocrx_word' id='word_1_314' title='bbox 378 4144 528 4227; x_wconf 89' lang='lat' dir='ltr'><strong>quidest</strong></span> <span class='ocrx_word' id='word_1_315' title='bbox 550 4145 653 4210; x_wconf 83' lang='lat' dir='ltr'><strong>deus?</strong></span> <span class='ocrx_word' id='word_1_316' title='bbox 675 4147 756 4232; x_wconf 92' lang='lat' dir='ltr'><strong>quid</strong></span> <span class='ocrx_word' id='word_1_317' title='bbox 778 4157 830 4212; x_wconf 85' lang='lat' dir='ltr'><strong>est</strong></span> <span class='ocrx_word' id='word_1_318' title='bbox 852 4149 1036 4214; x_wconf 80' lang='lat' dir='ltr'><strong>divinatio?</strong></span> <span class='ocrx_word' id='word_1_319' title='bbox 1079 4149 1162 4214; x_wconf 87' lang='lat' dir='ltr'><strong>Hier</strong></span> <span class='ocrx_word' id='word_1_320' title='bbox 1188 4151 1233 4216; x_wconf 89' lang='lat' dir='ltr'><strong>ist</strong></span> <span class='ocrx_word' id='word_1_321' title='bbox 1255 4151 1314 4215; x_wconf 81' lang='lat' dir='ltr'><strong>des</strong></span> <span class='ocrx_word' id='word_1_322' title='bbox 1336 4151 1415 4216; x_wconf 89' lang='lat' dir='ltr'><strong>Pro·</strong></span> 
     </span>
    </p>
   </div>
   <div class='ocr_carea' id='block_1_9' title="bbox 277 4243 1520 4338">
    <p class='ocr_par' dir='ltr' id='par_1_10' title="bbox 277 4243 1520 4338">
     <span class='ocr_line' id='line_1_39' title="bbox 277 4243 1520 4338; baseline 0.005 -31"><span class='ocrx_word' id='word_1_323' title='bbox 277 4263 393 4308; x_wconf 89' lang='lat' dir='ltr'><strong>nomen</strong></span> <span class='ocrx_word' id='word_1_324' title='bbox 416 4243 718 4331; x_wconf 77' lang='lat' dir='ltr'><strong>Prudieatsbegriff.</strong></span> <span class='ocrx_word' id='word_1_325' title='bbox 761 4249 924 4334; x_wconf 85' lang='lat' dir='ltr'><strong>Degegen</strong></span> <span class='ocrx_word' id='word_1_326' title='bbox 951 4252 1037 4316; x_wconf 79' lang='lat' dir='ltr'><strong>Son.</strong></span> <span class='ocrx_word' id='word_1_327' title='bbox 1066 4273 1118 4338; x_wconf 90' lang='lat' dir='ltr'><strong>ep.</strong></span> <span class='ocrx_word' id='word_1_328' title='bbox 1140 4251 1237 4334; x_wconf 84' lang='lat'>51‚8</span> <span class='ocrx_word' id='word_1_329' title='bbox 1265 4273 1345 4334; x_wconf 70' lang='lat' dir='ltr'><strong>cruce</strong></span> <span class='ocrx_word' id='word_1_330' title='bbox 1374 4250 1416 4314; x_wconf 88' lang='lat' dir='ltr'><strong>sit</strong></span> <span class='ocrx_word' id='word_1_331' title='bbox 1519 4293 1520 4300; x_wconf 59' lang='lat'><strong>.</strong></span> 
     </span>
    </p>
   </div>
   <div class='ocr_carea' id='block_1_10' title="bbox 274 4437 1386 4556">
    <p class='ocr_par' dir='ltr' id='par_1_11' title="bbox 274 4437 1386 4556">
     <span class='ocr_line' id='line_1_40' title="bbox 274 4437 1386 4556; baseline 0.007 -43"><span class='ocrx_word' id='word_1_332' title='bbox 274 4531 276 4538; x_wconf 21' lang='grc' dir='ltr'>Ι</span> <span class='ocrx_word' id='word_1_333' title='bbox 344 4461 369 4528; x_wconf 78' lang='lat'><strong>⁸)</strong></span> <span class='ocrx_word' id='word_1_334' title='bbox 382 4459 534 4515; x_wconf 82' lang='lat' dir='ltr'><strong>Vorerbeit</strong></span> <span class='ocrx_word' id='word_1_335' title='bbox 544 4479 598 4516; x_wconf 86' lang='lat' dir='ltr'><strong>von</strong></span> <span class='ocrx_word' id='word_1_336' title='bbox 611 4462 646 4516; x_wconf 94' lang='lat' dir='ltr'><strong>H.</strong></span> <span class='ocrx_word' id='word_1_337' title='bbox 657 4463 762 4519; x_wconf 76' lang='lat' dir='ltr'><strong>Krete</strong></span> <span class='ocrx_word' id='word_1_338' title='bbox 775 4467 804 4520; x_wconf 88' lang='lat' dir='ltr'><strong>in</strong></span> <span class='ocrx_word' id='word_1_339' title='bbox 817 4468 870 4522; x_wconf 90' lang='lat' dir='ltr'><strong>den</strong></span> <span class='ocrx_word' id='word_1_340' title='bbox 884 4468 984 4523; x_wconf 87' lang='lat' dir='ltr'><strong>Neuen</strong></span> <span class='ocrx_word' id='word_1_341' title='bbox 995 4467 1190 4556; x_wconf 43' lang='lat' dir='ltr'><strong>Jehrbb31865</strong></span> <span class='ocrx_word' id='word_1_342' title='bbox 1201 4437 1230 4529; x_wconf 87' lang='lat' dir='ltr'>S</span> <span class='ocrx_word' id='word_1_343' title='bbox 1243 4473 1386 4525; x_wconf 60' lang='lat' dir='ltr'><strong>‘nt-³124.</strong></span> 
     </span>
    </p>
   </div>
   <div class='ocr_carea' id='block_1_11' title="bbox 0 0 1538 5146">
    <p class='ocr_par' dir='ltr' id='par_1_12' title="bbox 0 0 1538 5146">
     <span class='ocr_line' id='line_1_41' title="bbox 0 0 1538 5146; baseline 0 0"><span class='ocrx_word' id='word_1_344' title='bbox 0 0 1538 5146; x_wconf 95' lang='lat' dir='ltr'><strong> </strong></span> 
     </span>
    </p>
   </div>
  </div>
 </body>
</html>
