3142 5144
612 415 822 478 -61-

143 581 189 664 10,
211 581 254 646 20
276 585 371 646 tanto
394 581 562 647 intervallo
584 581 624 646 ab
647 581 792 648 hostibus
814 573 969 665 consedit,
993 589 1030 647 ut
1050 605 1112 649 nec
1127 583 1283 648 adventus

141 703 213 746 suus
235 720 277 730 -
300 685 394 748 nosci
421 687 530 768 posset
557 685 613 747 ott.
635 683 686 766 26,
709 683 751 748 38
773 684 856 767 quod
879 681 989 767 Capua
1012 685 1206 768 pertinacius
1228 705 1283 768 op-

141 785 282 866 pugnata
311 783 354 848 ab
375 783 531 849 Romanis
557 805 652 867 quam
680 783 813 849 defensa
841 784 882 848 ab
908 805 943 850 se
970 784 1142 850 multorum
1171 785 1284 850 ltaliae

141 884 330 967 populorum
353 886 476 950 animos
499 887 668 949 averterat.
690 884 743 967 28,
766 885 787 949 8
815 884 891 968 quia
912 905 962 949 res
983 885 1018 948 in
1042 884 1176 950 Graecia
1197 888 1283 950 tran-

142 983 254 1067 quillas
283 985 409 1050 fecerat
437 1023 474 1034 -
505 985 603 1049 latum
632 985 672 1050 ab
700 1006 734 1049 se
762 985 924 1050 auxilium.
953 986 1005 1066 31,
1033 985 1076 1052 25
1102 987 1283 1052 Antiochus

142 1105 205 1148 non
228 1086 413 1152 civitatium
436 1086 538 1163 modo,
567 1107 648 1170 quae
671 1086 756 1150 circa
778 1107 812 1150 55
834 1089 936 1169 erant,
961 1087 1173 1152 contrahebat
1193 1109 1283 1170 prae-

144 1184 229 1250 sidia
253 1187 308 1270 39,
330 1187 374 1252 23
397 1187 489 1271 quod,
513 1187 568 1271 qui
589 1185 801 1251 Macedonum
824 1187 865 1252 ab
887 1208 921 1252 se
943 1186 1126 1252 defecerant
1140 1190 1174 1253 in
1190 1189 1283 1271 bello,

148 1286 179 1349 in
206 1307 260 1351 eos
289 1288 341 1352 ius
369 1288 531 1352 saeviendi
554 1287 736 1372 ademptum
758 1289 786 1351 ei
810 1288 851 1352 ab
873 1291 986 1352 senatu
1008 1291 1085 1352 erat.
1132 1287 1229 1354 Vell.
1252 1292 1282 1374 2,
1319 1323 1322 1332 =

145 1387 244 1471 56,1
281 1389 338 1473 qui
375 1393 487 1453 contra
520 1409 554 1453 55
582 1391 712 1452 armat
697 1389 847 1453 tulerant
891 1389 1282 1473 855.51515.1,18,2

141 1489 190 1571 qm·
213 1489 247 1552 s'e
269 1489 394 1573 aliquid
417 1489 626 1554 offenderant

223 1587 282 1654 Bci
312 1589 478 1654 Tacitus
505 1590 608 1655 findet
633 1591 703 1656 sich
730 1591 805 1656 keiu
828 1591 978 1676 Beispiel,
1008 1592 1155 1676 dagegeu
1178 1525 1282 1658 Suet.

141 1688 200 1753 Tit.
215 1688 245 1753 4
274 1690 367 1754 55155
395 1693 498 1756 rector
526 1693 611 1757 circa
632 1713 666 1757 se
687 1687 843 1757 dimicans
858 1692 1061 1758 occubuerat
1107 1691 1217 1759 Caes.
1241 1696 1284 1759 34

143 1810 335 1875 quamquam
369 1791 536 1858 obsidione
562 1792 735 1877 Massiliae,
769 1813 848 1879 quae
882 1793 979 1857 sibi'
969 1814 1004 1857 m
1031 1792 1145 1858 itincre
1172 1799 1283 1877 portas

141 1890 317 1972 clauserat,
348 1930 385 1940 —
414 1892 597 1958 retardante
627 1894 714 1958 brevi
742 1898 852 1959 tamen
879 1894 986 1957 omnia
1007 1892 1143 1978 subegit.
1168 1895 1209 1958 74
1229 1897 1283 1978 qui

142 2013 249 2056 necem
272 2013 366 2056 suam
388 2031 429 2040 —
452 1994 651 2077 promiserat
674 2035 714 2042 —
737 1994 896 2079 Nep.·15,
912 1995 942 2077 8,
957 1995 988 2059 3.
1014 1995 1043 2076 1,
1065 1994 1096 2072 3,
1111 1995 1142 2058 4.
1165 1995 1238 2077 5,3,
1256 1998 1282 2060 1.

142 2091 282 2158 Lucan.
305 2095 336 2176 5,
358 2095 422 2159 805
443 2115 524 2179 quac
547 2116 611 2159 nox
633 2096 695 2160 sibi
717 2095 862 2180 proxima
884 2096 999 2160 venit·
1164 2116 1169 2123 ·

221 2194 286 2258 blit
312 2183 476 2280 srenigen¹
491 2197 700 2260 Ausnahmcn
728 2197 772 2260 ist
798 2196 855 2261 der
877 2194 1047 2261 Gcbraueh
1069 2196 1283 2262 des-Ratiari-

142 2315 228 2358 vums
250 2296 287 2359 in
310 2295 428 2380 obigen
443 2294 565 2361 Stellen
580 2296 681 2360 durch
695 2296 747 2360 dic
761 2298 805 2360 im
821 2296 1120 2382 Zusammenhange
1136 2298 1284 2382 liegends

145 2396 316 2460 Aunahme
338 2396 428 2460 einer
448 2397 551 2460 oratio
574 2397 705 2482 obliqua
719 2397 910 2482 begri'lndet,
934 2398 1085 2482 obglcich
1099 2398 1156 2462 der
1171 2399 1283 2464 Modus

143 2495 309 2561 derselben
331 2497 424 2562 nieht
445 2497 660 2582 ausgedrdclrt
681 2499 733 2563 ist.

222 2601 255 2679 ξ.
279 2599 331 2662 31.
359 2598 460 2663 8555
488 2599 566 2662 5151
596 2601 651 2684 (ι-
681 2600 842 2685 proprius)
876 2599 983 2666 dicate
1016 2593 1319 2667 wahrschcinlich'

141 2697 173 2762 in
199 2700 257 2763 der
287 2699 521 2782 Volksspraehe
548 2701 595 2764 als
625 2698 849 2784 Versthrlrung
876 2701 929 2765 flir
958 2715 1050 2784 5555,
1085 2701 1186 2767 findet
1214 2703 1283 2768 sicli

142 2799 216 2864 aber
242 2821 307 2863 nur
336 2799 385 2862 bei
414 2800 476 2864 den
505 2799 681 2864 Komilrcru
710 2801 775 2864 und
804 2802 838 2865 in
866 2802 1143 2868 nachlrlassischer
1170 2802 1284 2869 Prusa:

142 2898 272 2964 Plaut
308 2904 392 2984 capt.
426 2899 506 2984 prol.
541 2903 563 2966 5
589 2921 651 2983 quo
679 2905 773 2984 pacto
802 2903 920 2966 serviat
946 2924 1003 2968 suo
1030 2903 1091 2966 sibi
1118 2905 1213 2988 patri.
1242 2905 1284 2968 46

142 3019 196 3064 sua
231 3000 548 3066 5151-1511551550
573 3023 661 3066 5555
696 3002 852 3086 ignorans
884 3023 941 3066 555
974 3004 1034 3068 5151
1069 3005 1167 3068 servit
1188 3007 1282 3087 patri.

148 3103 228 3183 1,,1,
265 3103 303 3164 13
331 3123 388 3165 555
415 3102 476 3165 5151
503 3123 579 3166 5555
606 3101 726 3168 vivunt.
770 3102 867 3168 Poen.
898 3103 978 3187 prol.
1005 3105 1046 3168 51
1076 3104 1164 3168 15555
1191 3126 1284 3188 argu-

144 3206 285 3266 mentost
306 3225 396 3267 suum
419 3203 480 3285 ¹sibi
502 3203 713 3287 proscenium.
736 3203 775 3269 97
799 3205 883 3287 perit
904 3225 995 3268 suam
1016 3205 1078 3268 sibi
1101 3208 1283 3288 cognatam.

143 3303 173 3384 5,
195 3304 226 3386 2,
258 3303 318 3368 123
346 3325 436 3368 suam
457 3324 524 3367 rem
547 3304 608 3366 sibi
631 3305 750 3368 salvam
773 3305 893 3368 sistam.
939 3305 1031 3368 Asin.
1054 3307 1086 3389 4,
1109 3306 1141 3389 2,
1168 3307 1284 3370 16555

142 3404 201 3467 5151
222 3405 335 3488 gnato.
365 3403 482 3487 Amph.
515 3406 542 3486 1,
575 3407 602 3486 1,
635 3405 695 3468 113
724 3403 790 3468 telo
818 3427 875 3470 suo
896 3405 957 3469 sibi
978 3406 1063 3470 huuc
1088 3443 1126 3454 -
1149 3408 1277 3490 pellere.

143 3505 208 3570 mil.
232 3505 264 3588 3,
289 3507 316 3586 1,
337 3506 378 3570 31
401 3505 543 3569 5555151
565 3505 706 3589 ingenua
728 3505 860 3573 indoles.
887 3543 920 3552 -
946 3506 1030 3570 Ter.
1054 3507 1114 3571 Ad.
1137 3509 1168 3590 5,
1191 3509 1220 3589 8,
1242 3509 1284 3573 35

145 3626 200 3670 555
222 3606 285 3670 5151
306 3605 414 3690 gladio
436 3605 522 3669 hunc
543 3605 662 3689 iugulo.

225 3706 410 3770 Prosailrer:
440 3705 586 3770 Colum.
616 3706 655 3771 de
682 3707 783 3772 arbor.
810 3711 845 3771 11
871 3729 948 3773 uvas
970 3708 1110 3774 5555151
1132 3709 1284 3792 pampino

144 3809 256 3892 tegito,
287 3827 314 3870 r.
343 3810 421 3872 ruat.
453 3808 502 3886 12,
532 3809 550 3871 'l
581 3811 616 3871 51
642 3828 699 3870 555
728 3809 788 3872 5151
815 3810 883 3872 iure
905 3810 990 3874 ablui
1012 3809 1144 3893 possint.
1171 3809 1218 3889 12,
1241 3813 1279 3875 41

144 3907 176 3970 15
208 3929 267 3972 555
301 3907 362 3971 5151
391 3907 458 3971 iure
487 3907 718 3992 decoquuntur.
746 3945 789 3956 -
816 3910 931 3994 Apul.
961 3915 1035 3975 met.
1067 3913 1095 3992 1,
1124 3911 1144 3974 6
1172 3932 1192 3974 a
1218 3913 1284 3974 5515

145 4006 203 4072 5151
232 4007 430 4092 parentibus.
462 4011 489 4091 1,
521 4009 559 4072 10
587 4009 622 4071 15
649 4009 714 4072 5515
741 4010 802 4074 5151
831 4009 987 4076 domibus.
1015 4015 1047 4095 4,
1068 4012 1110 4076 32
1134 4033 1205 4076 oum
1228 4033 1285 4075 sua

145 4107 203 4172 5151
240 4095 410 4192 perspicua
441 4108 688 4192 pulchritudine.
717 4109 747 4192 6,
775 4111 818 4174 30
851 4133 922 4176 curn
955 4132 1013 4176 suo
1040 4113 1101 4176 sibi
1129 4112 1282 4178 funiculo.

146 4209 175 4290 1,
200 4209 238 4273 13
261 4209 333 4273 'suis
363 4209 424 4273 sibi
453 4209 570 4294 gladiis
598 4211 815 4276 obtnmcatos.
838 4213 868 4294 8,
895 4213 990 4276 1415
1012 4233 1069 4276 555
1091 4214 1152 4278 5151
1174 4236 1284 4298 perro-

147 4307 213 4374 luta
238 4311 406 4394 sanguiue.
434 4347 475 4358 -
504 4310 657 4392 015115,
682 4311 730 4395 10,
757 4311 795 4374 16
822 4334 879 4376 555
908 4313 969 4377 5151
999 4317 1189 4398 argumento
1211 4336 1283 4379 eon·

147 4409 267 4473 1515155
290 4413 347 4474 551.
374 4409 461 4493 12,1
493 4432 550 4476 555
572 4411 633 4474 5151
656 4411 737 4476 15515
760 4412 866 4476 aleret
891 4449 929 4460 -
953 4412 1132 4479 Lactant.
1156 4416 1186 4498 2,
1208 4417 1239 4496 5,
1263 4417 1283 4480 6

148 4511 199 4592 qui
228 4509 294 4574 Deo
323 4549 364 4560 -
393 4531 450 4574 sua
477 4511 537 4575 sibi
566 4533 662 4594 opera
690 4513 918 4595 praetulerunt.
942 4514 973 4600 3,
994 4515 1046 4600 28,
1068 4515 1111 4578 20
1137 4537 1194 4580 555
1222 4516 1283 4582 5151
