3050 5146
735 353 963 418 -162-

280 525 353 568 men
375 504 464 568 nieht
487 503 634 590 Subjeot,
657 504 799 568 scudem
815 503 1117 588 Prttdicatsbegriff,
1140 504 1222 570 noch
1241 503 1418 569 deutlicher

279 607 313 668 in
342 603 516 688 folgenden
546 602 684 668 Stellen:
720 604 762 667 de
790 604 844 670 fin.
873 603 905 687 2,
933 605 965 686 4,
996 607 1033 668 11
1061 604 1148 668 idem
1178 603 1330 692 voluptas
1360 615 1417 684 est,

280 704 367 792 quod
389 705 579 770 indolentia.
616 705 759 787 111105,
784 705 823 770 13
846 705 932 791 quod
955 713 1006 770 est
1027 705 1113 769 idem
1137 705 1251 772 virtus.
1275 705 1354 768 fam.
1373 705 1419 782 13,

280 809 310 888 7,
333 807 354 869 2
382 805 469 892 quod
498 828 548 870 res
575 817 625 871 est
653 808 737 888 „wie
766 827 799 870 es
828 804 980 870 wirlslich
1008 808 1087 870 ist.“
1130 805 1204 870 Liv.
1232 806 1359 887 30,30,
1383 805 1419 867 12

279 909 365 993 quod
389 927 450 991 ego
472 906 519 970 fui
534 901 584 971 'ad
606 905 859 987 Trasumenum,
891 905 934 971 ad
957 906 1103 987 Cannas,
1137 907 1170 968 id
1199 918 1234 972 tu
1256 905 1354 971 hodie
1376 927 1419 969 es.

280 1007 419 1071 Phaedr.
440 1009 472 1087 5,
498 1007 547 1084 10,
571 1008 591 1070 9
613 1008 700 1093 quod
723 1008 856 1088 fuimus,
879 1006 1036 1090 laudasti,
1064 1007 1128 1070 iam
1151 1007 1305 1087 demnas,
1336 1007 1418 1092 quod

281 1131 402 1172 strutus.
456 1108 553 1192 Prop.
569 1109 599 1190 2,
623 1109 676 1191 20,
698 1108 740 1173 26
762 1108 923 1194 quidquid
946 1128 1046 1188 eram,
1070 1107 1140 1171 hoc.
1187 1106 1276 1172 Ovid
1299 1108 1369 1170 her.
1391 1107 1419 1186 9,

283 1208 451 1294 mequod
475 1219 510 1272 tu
533 1231 597 1274 non
620 1229 708 1274 esses
731 1211 810 1288 iure,
834 1207 965 1274 virilia
987 1206 1060 1272 fuit.
1113 1207 1192 1273 Tac.
1216 1207 1257 1272 G.
1280 1209 1300 1272 0
1323 1207 1420 1294 idque

281 1311 387 1396 ipsum
411 1307 450 1360 -’-
473 1320 640 1374 vocantur.
685 1309 768 1376 Gell.
796 1311 827 1391 5,
860 1311 910 1391 15,
940 1311 958 1374 l
987 1307 1021 1372 id
1050 1331 1118 1374 vox
1146 1318 1206 1373 est.
1253 1309 1302 1390 18,
1331 1309 1422 1390 13,5

281 1411 367 1496 quod
391 1413 448 1474 nix
477 1421 542 1491 est,
570 1410 631 1475 hoc
653 1409 779 1494 grando
809 1432 872 1475 non
903 1420 961 1476 est.
1005 1409 1096 1473 Laot.
1122 1411 1152 1490 3,
1178 1411 1227 1490 11,
1253 1410 1292 1472 14
1315 1410 1350 1473 id
1374 1419 1421 1472 011

281 1514 428 1598 prolecto
452 1512 566 1575 virtus.
593 1549 628 1558 —
647 1511 812 1596 ,Dagegen
840 1514 883 1575 ist
911 1511 970 1574 des
994 1512 1241 1575 Demonstrativ
1269 1509 1422 1574 wirkliclr

281 1613 417 1700 Subjcct
438 1612 490 1676 bei
513 1610 600 1676 Ovid
624 1611 690 1676 her.
707 1613 738 1690 2,
760 1613 802 1677 56
825 1612 939 1676 debuit
960 1613 1021 1676 hoc
1043 1613 1151 1676 meriti
1172 1633 1297 1675 summa
1320 1611 1422 1675 luisse

281 1714 354 1778 mei.
400 1713 474 1777 Sen.
497 1721 626 1798 tranqu.
648 1713 679 1791 2,
701 1713 723 1776 4
744 1711 779 1776 id
807 1710 1026 1798 tranquillitas
1055 1713 1127 1777 erit.
1172 1713 1252 1776 Tae.
1274 1712 1361 1794 Agr.
1382 1712 1422 1774 43

281 1818 351 1880 sive
373 1834 451 1878 cura
473 1813 554 1877 illud
576 1813 646 1878 sive
669 1813 837 1898 inquisitio
853 1823 933 1878 erat.
956 1813 1032 1878 hist.
1059 1815 1086 1894 l,
1108 1813 1151 1876 49
1173 1811 1258 1899 quod
1282 1812 1423 1898 segnitia

281 1926 360 1981 0101.
383 1938 459 1979 ann.
485 1915 535 1996 16,
557 1915 599 1978 22
621 1916 837 1980 secessionem
859 1917 925 1979 iam
947 1913 982 1978 id
1004 1923 1037 1978 et
1057 1925 1166 2000 partes
1194 1923 1242 1995 et,
1270 1908 1304 1978 si
1328 1913 1423 1978 multi

280 2018 365 2082 idem
387 2016 539 2098 audeant,
563 2015 682 2100 bellum
705 2037 787 2084 esse.

289 2189 294 2199 ¹
365 2119 428 2182 Am
451 2117 637 2200 lr'atufigsten
656 2117 776 2203 jedoclr
799 2117 866 2180 und
883 2116 1046 2182 durchaus
1061 2116 1242 2199 regelreclrt
1257 2117 1349 2182 steht
1364 2116 1423 2181 das

280 2219 611 2305 Subjectspronomon
638 2218 682 2280 rin
706 2218 917 2298 Neutrum,
951 2239 1047 2282 worm
1077 2216 1136 2282 der
1158 2217 1235 2288 Sata
1257 2219 1422 2302 negati-

282 2342 358 2383 veu
383 2318 464 2382 Sirm
486 2319 552 2399 hat,
576 2319 630 2381 die
653 2319 846 2403 Congruens
871 2319 928 2382 des
952 2319 1118 2405 Subjects·
1142 2318 1207 2382 und
1235 2318 1423 2383 Pradicuts-

281 2420 432 2504 begrili'os
456 2419 524 2482 also
547 2419 779 2484 ausdrttckliclr
803 2422 988 2485 verneint
1010 2421 1106 2485 wird:
1133 2418 1325 2484 01011010.
1350 2421 1425 2484 Am.

256 2525 308 2600 ¹§.
339 2521 396 2584 106
418 2519 500 2583 nihil
524 2522 680 2607 estquod
704 2523 916 2608 suspitionem
940 2521 1012 2585 hoo
1034 2522 1156 2606 putetis
1180 2523 1242 2602 (wo
1265 2520 1323 2584 die
1341 2519 1424 2584 Her·

280 2619 849 2710 0011011010111111110001300101οη
871 2623 1033 2706 macheu).
1085 2621 1175 2706 Virg.
1199 2623 1283 2686 Aen.
1308 2623 1340 2705 3,
1367 2622 1426 2686 113

279 2744 339 2786 nco
361 2745 458 2808 sopor
480 2722 561 2786 illud
586 2733 665 2787 orat.
711 2725 785 2788 Liv.
809 2725 839 2805 9,
866 2724 905 2787 14
921 2745 986 2788 non
1008 2723 1088 2788 haec
1110 2722 1339 2788 furculasnec
1363 2721 1424 2787 sal·

280 2833 333 2886 tus
360 2824 465 2888 invios
495 2845 578 2888 esse.
634 2819 709 2890 Seu.
739 2825 811 2890 ben.
840 2825 872 2908 2,
901 2825 921 2889 8
949 2846 1012 2889 non
1041 2833 1089 2888 est
1116 2823 1197 2888 illud
1226 2822 1425 2888 liberalitas.

279 2934 408 3011 tranqu.
432 2926 461 3006 9,
484 2927 505 2988 5
527 2947 591 2990 non
615 2924 678 2990 fuit
701 2924 862 3010 elegantia
884 2924 965 2990 illud
989 2937 1044 2990 aut
1060 2947 1149 2989 eura.
1193 2925 1272 2994 Tae.
1288 2947 1372 2990 ann.
1398 2928 1425 3005 1,

277 3026 320 3089 49
347 3049 411 3090 nou
440 3027 634 3090 medicinam
663 3025 746 3090 illud
768 3049 849 3091 esse.
882 3028 912 3108 2,
935 3026 976 3091 38
998 3049 1063 3091 non
1085 3047 1196 3113 preces
1219 3035 1298 3103 sunt
1322 3026 1426 3107 istud,

279 3127 337 3192 sed
359 3127 563 3211 efflagitatio.
586 3129 617 3210 4,
643 3127 681 3190 19
703 3130 797 3213 quasi
820 3163 860 3177 -
881 3126 963 3192 illud
978 3128 1165 3215 respublica
1180 3137 1267 3192 esset
1288 3130 1349 3211 (ε
1361 3149 1426 3193 non

278 3237 329 3292 est
350 3227 431 3292 illud
453 3233 563 3314 resp.).
612 3228 705 3293 Ebeu
731 3213 771 3293 ¹so
798 3231 841 3292 im
870 3226 1175 3314 Bedingungssatze
1201 3230 1256 3295 bei
1285 3229 1366 3294 Liv.
1395 3231 1426 3308 2,

278 3329 320 3392 38
343 3330 369 3392 11
392 3328 453 3394 1100
481 3329 639 3417 profectio
669 3339 701 3394 et
727 3351 792 3393 nou
819 3329 900 3414 fuga
927 3341 977 3396 est
1000 3331 1061 3413 (=
1076 3330 1138 3395 hoo
1160 3352 1225 3396 non
1248 3329 1426 3416 profectio,

278 3429 337 3492 sed
358 3430 439 3513 fuga
462 3431 538 3514 est).
583 3431 656 3494 Nur
676 3429 850 3504 sehcinbar
870 3432 988 3496 weioht
1010 3431 1146 3498 hiervon
1168 3433 1211 3495 ab
1234 3431 1305 3496 Cic.
1332 3432 1427 3496 Verr.

277 3532 309 3613 4,
336 3531 374 3594 19
401 3529 486 3594 hanc
515 3533 680 3616 excogitat
708 3533 882 3615 rationem,
917 3533 945 3597 si
972 3534 1048 3598 hoco
1075 3533 1158 3596 ratio
1185 3532 1297 3618 potius
1328 3553 1426 3618 quam

182 3696 191 3706 ,
278 3633 421 3696 amentia
442 3632 641 3697 nominanda
657 3641 706 3698 est
721 3635 789 3716 (der
804 3634 884 3698 Sinn
900 3633 960 3698 ist:
984 3634 1064 3698 haee
1078 3655 1161 3720 quae
1177 3633 1311 3698 videtur
1329 3635 1427 3714 ratio,

278 3756 313 3797 10
335 3755 415 3797 vera
436 3755 502 3799 nou
525 3744 575 3798 011
597 3735 707 3819 10110).
741 3735 835 3799 111)οι1
858 3757 892 3800 10
916 3734 956 3800 (10
979 3733 1065 3820 legg.
1087 3736 1119 3815 2,
1140 3735 1240 3798 211011
1256 3735 1427 3800 amicitiis

278 3835 362 3912 tales,
385 3835 443 3898 sed
466 3835 708 3899 coniurationes
732 3836 894 3923 putandae
917 3835 981 3901 sint
1011 3835 1058 3920 (d.
1082 3835 1114 3900 h.
1139 3835 1221 3900 tales
1243 3838 1427 3917 amicitiae,

278 3955 357 4020 quas
381 3935 481 4020 vulgo
504 3934 627 4020 dicunt,
650 3959 685 4000 10
707 3959 786 4001 1010
807 3958 872 4002 nou
890 3947 967 4002 sunt
982 3937 1168 4018 amicitiae).
1203 3938 1292 4002 Seu.
1319 3947 1426 4004 const.

281 4038 329 4116 ll,
352 4036 454 4100 3neo
476 4037 535 4102 101
556 4036 767 4104 contumelias
790 4061 954 4121 vocamus,
976 4040 1035 4104 sed
1050 4039 1207 4124 argutias.
1223 4060 1276 4124 ep.
1291 4039 1350 4121 40,
1377 4043 1426 4118 11,

279 4136 468 4206 facilitatem
491 4161 562 4204 0110
584 4140 683 4223 illam,
705 4162 770 4205 non
792 4139 1001 4209 celeritatem.
1025 4140 1078 4222 99,
1102 4139 1142 4204 12
1164 4161 1229 4204 non
1254 4149 1308 4203 011
1331 4138 1428 4206 dolor

276 4241 342 4317 iate,
366 4237 422 4302 sed
450 4261 588 4306 morsus.
637 4241 709 4305 Nur
734 4240 862 4316 formell
894 4241 963 4306 und
989 4242 1080 4307 nicht
1106 4241 1179 4306 dem
1207 4241 1311 4306 Sinna
1342 4239 1427 4304 nach

277 4340 425 4422 negatis:
450 4340 525 4403 Ter.
549 4343 653 4405 Andr.
679 4344 708 4422 1,
730 4343 762 4424 5,
786 4342 901 4427 aquid
925 4353 984 4422 est,
1008 4344 1037 4406 si
1059 4344 1115 4407 lroc
1136 4364 1200 4406 non
1222 4341 1428 4406 contumelia

277 4449 327 4502 est
360 4439 439 4526 (dor
473 4439 635 4505 Gedanke
667 4444 711 4506 ist
742 4443 881 4528 positiv:
917 4444 977 4508 lroc
1010 4453 1060 4507 est
1092 4440 1307 4524 contumelia3
1346 4443 1428 4507 aber
