3034 5142
533 367 679 434 -257
725 406 763 418 -

95 519 432 588 Wahrscheinlicbkeit
459 521 553 606 (oder
579 522 639 587 der
666 520 906 607 Gcwissheiti)
932 523 977 588 ist
1004 522 1158 588 ebendas.
1187 527 1217 606 ξ.

92 623 136 688 tu:
159 637 189 691 et
209 633 325 690 tremet
347 625 478 709 sapiens
502 634 534 689 et
556 622 681 688 dolebit
702 637 736 689 et
757 621 971 712 expallescet:
995 626 1029 689 hi
1049 625 1136 689 enim
1151 647 1218 691 om·

92 746 137 788 nes
158 725 302 818 corporis
330 746 445 790 sensus
473 739 560 790 sunt.
584 725 634 808 79,
660 727 697 789 11
725 725 830 810 gloria
857 725 973 790 umbra
994 725 1127 792 virtutis
1151 736 1217 791 est:

91 827 171 890 etiam
194 827 316 890 invitos
337 825 558 891 comitabitur.

160 929 189 1008 ξ.
215 927 286 992 137.
308 927 377 991 Der
399 936 532 1012 strenge
555 925 730 992 Gebraucb
751 927 809 992 des
831 926 918 992 Fut.
948 927 1038 992 lim
1060 926 1217 992 Neben·

90 1039 205 1108 satze,
228 1050 324 1092 wenn
347 1027 406 1093 der
430 1027 615 1114 Hauptsatz
638 1027 789 1095 dasselbe
812 1027 964 1117 Tempus,
988 1029 1053 1093 den
1075 1027 1219 1116 Impera·

88 1128 127 1192 tir
145 1129 224 1194 oder
245 1133 307 1196 den
327 1132 478 1218 jussiven
501 1129 700 1218 Conjunetiv
724 1130 790 1212 bat,
814 1131 856 1195 ist
878 1131 979 1195 sehon
999 1131 1035 1196 in
1057 1129 1218 1196 (10111110-

88 1241 147 1294 sten
168 1229 306 1296 Perinde
339 1253 381 1296 zu
409 1231 598 1296 bemerlsen.
645 1230 764 1297 Holtze
791 1231 853 1316 (11,
880 1233 935 1316 82)
965 1233 1056 1296 citirt
1078 1232 1216 1297 daraus:

87 1331 147 1395 Lex
167 1331 295 1396 Numae
317 1356 369 1420 ap.
395 1331 481 1398 Gell.
503 1338 535 1417 4,
557 1334 577 1398 3
600 1333 629 1398 si
651 1334 794 1415 1000171.
820 1354 848 1398 e.
870 1339 996 1417 tanget)
1022 1370 1057 1382 -
1082 1333 1217 1399 caidito.

88 1433 156 1498 tato
177 1455 203 1498 r.
226 1456 253 1498 r.
276 1455 327 1522 cp.
350 1437 370 1500 5
393 1456 467 1498 eum
490 1433 690 1520 exportabis.
714 1436 734 1498 6
756 1435 813 1521 qui
834 1437 869 1498 in
884 1447 1018 1498 ventum
1034 1435 1218 1499 Favonium

87 1534 234 1621 spectabit
263 1545 296 1600 et
326 1535 389 1600 soli
415 1546 562 1601 ostentus
591 1534 667 1618 erit,
697 1535 781 1600 alius
811 1538 914 1601 bonus
943 1534 1052 1600 nullus
1076 1538 1138 1600 erit
1160 1545 1216 1600 011.

87 1635 179 1702 Ρ1001.
201 1636 278 1702 Αο1.
305 1639 334 1717 1,
357 1637 388 1719 2,
410 1637 449 1702 41
475 1657 526 1700 me
547 1659 675 1702 rursum
699 1645 855 1723 quantum
881 1647 1005 1723 potero,
1027 1646 1152 1701 tantum
1166 1658 1217 1701 re·

86 1738 203 1824 cipiam.
249 1736 369 1803 Pseud.
395 1741 423 1820 1,
447 1739 478 1820 3,
504 1741 540 1802 11
565 1749 601 1802 ut
624 1738 696 1804 med
719 1760 791 1804 esse
814 1736 916 1819 voles,
939 1741 985 1802 ita
1007 1760 1072 1803 ero.
1095 1738 1215 1825 Amph.

88 1841 111 1920 1,
130 1841 157 1920 2,
182 1841 222 1903 10
244 1839 322 1902 dum
344 1840 461 1926 capiet.
505 1839 593 1904 Men.
619 1842 646 1923 1,
669 1840 700 1920 3,
723 1840 763 1904 31
787 1839 864 1904 dum
887 1852 1060 1926 coquetur,
1083 1839 1216 1904 interim

85 1941 275 2026 potabimus.-
315 1939 425 2004 Ueber
447 1940 511 2006 den
533 1940 761 2028 imperativ
782 1942 827 2006 im
844 1940 1046 2026 Hauptsatze
1068 1939 1139 2025 vgl.
1164 1941 1218 2006 die

84 2042 180 2107 reicbe
202 2039 393 2126 Sammlung
416 2063 481 2107 von
503 2041 610 2106 Lech
633 2041 678 2105 im
699 2042 812 2126 Progr.
836 2063 900 2106 von
922 2039 1041 2105 Memel
1070 2044 1150 2107 1871
1181 2044 1214 2107 S.

86 2144 97 2206 1
118 2143 196 2230 fgg,
218 2166 268 2210 wo
295 2144 378 2208 auch
406 2143 461 2207 die
484 2142 607 2207 Stellen
628 2145 687 2208 mit
716 2141 776 2208 fut.
804 2142 839 2208 11
860 2143 1050 2228 ausgefiihrt
1072 2142 1215 2208 werden.

156 2247 228 2309 Aue
250 2243 309 2308 der
331 2243 586 2310 klassischen
607 2243 676 2309 und
699 2255 888 2331 spttteren
910 2243 997 2312 Zeit:
1021 2244 1089 2311 Cic.
1113 2245 1168 2311 off.
1188 2249 1216 2330 1,

84 2345 117 2410 28
142 2357 291 2412 naturam
322 2347 351 2411 si
379 2367 551 2432 sequemur
578 2332 635 2411 011.
680 2345 777 2412 Το00.
810 2350 838 2429 1,
867 2347 905 2411 19
928 2369 1002 2411 cum
1023 2351 1217 2414 -erimus

83 2446 116 2510 31
136 2449 213 2514 dum
235 2447 356 2514 erimus
379 2448 412 2511 in
441 2449 547 2513 terris.
583 2447 660 2512 fam.
686 2450 735 2529 11,
763 2449 799 2512 11
829 2451 856 2513 01
884 2449 1024 2536 poteris,
1055 2471 1217 2514 occurres.

84 2546 160 2614 Son.
186 2573 235 2638 ep.
260 2551 312 2635 71,
334 2550 352 2614 7
376 2547 627 2636 011111Ρο11οῐ10,
651 2549 797 2615 simodo
820 2559 926 2614 tecum
950 2551 1012 2616 erit
1026 2552 1141 2618 virtus.
1163 2551 1216 2632 43,

82 2649 192 2716 21000
213 2650 342 2717 felicem
365 2660 397 2715 te
420 2672 490 2716 esse
512 2651 633 2732 iudica,
657 2672 731 2714 cum
753 2653 875 2738 poteris
891 2653 926 2716 in
948 2650 1080 2738 publico
1105 2655 1217 2717 vivere

83 2761 131 2822 ott.
154 2792 194 2803 -κ
218 2753 261 2820 So
284 2753 461 2818 besonders
484 2751 543 2818 des
567 2752 729 2818 Futurum
752 2774 817 2818 von
838 2753 922 2818 uolo:
950 2754 1003 2820 off.
1028 2754 1057 2836 1,
1080 2754 1122 2818 34
1144 2776 1218 2820 000

81 2852 220 2920 relaxare
240 2857 368 2922 animos
392 2893 431 2902 -
453 2855 577 2936 volent,
600 2865 738 2920 caveant
760 2856 1056 2942 intemperantiam.
1080 2858 1108 2936 1,
1130 2854 1173 2920 30
1188 2855 1218 2917 01

82 2956 281 3022 considerare
304 2955 463 3038 volemus,
489 2995 528 3004 ἡ
551 2954 782 3043 intelligemus.
825 2956 902 3021 Liv.
928 2955 981 3039 23,
1004 2955 1055 3038 45,
1081 2957 1120 3020 10
1141 2955 1218 3020 hinc

83 3079 192 3121 vos-
216 3059 269 3124 vel
292 3057 427 3142 ducam,
456 3081 519 3145 quo
543 3057 675 3141 voletis,
700 3056 752 3124 vel
775 3080 901 3144 sequar.
947 3055 1022 3122 Sen.
1046 3079 1097 3145 ep.
1121 3057 1173 3138 68,
1200 3061 1215 3122 1

83 3157 112 3222 id
131 3161 201 3244 tibi,
223 3183 298 3225 cum
320 3158 423 3243 voles,
447 3160 647 3248 approbabo.
671 3161 721 3244 71,
738 3161 758 3224 2
774 3161 900 3247 quoties
925 3158 1024 3225 v'oles.
1047 3161 1077 3240 ξ.
1093 3159 1112 3223 7
1129 3159 1216 3246 quis-

82 3261 147 3345 quis
169 3261 267 3328 volet.
297 3262 348 3343 76,
376 3261 419 3326 24
446 3284 520 3327 cum
546 3261 636 3326 voles
660 3299 699 3308 -
727 3261 863 3347 inspice.
886 3261 937 3344 77,
964 3261 1002 3324 17
1026 3283 1218 3349 quoeunque

83 3362 174 3445 voles,
196 3364 321 3430 desine.
345 3364 396 3444 80,
420 3363 440 3427 9
462 3363 491 3426 si
512 3363 713 3450 perpendere
728 3371 760 3428 te
776 3361 877 3446 voles,
901 3384 1021 3449 sepone
1036 3364 1218 3450 pecuniam.

83 3463 300 3532 Auffellender
321 3467 364 3530 ist
384 3461 440 3532 'fur
453 3487 513 3530 uns
529 3465 589 3529 das
605 3465 766 3530 Futurum
781 3465 816 3528 in
831 3462 1103 3550 allgemeinen
1117 3463 1216 3530 Vor-

82 3565 293 3651 scbrilten,
321 3591 373 3634 wo
405 3590 438 3632 00
467 3565 772 3653 vorkommuweit
799 3565 852 3631 die
882 3565 1068 3632 Vorschrift
1095 3568 1130 3630 in
1159 3566 1217 3632 der

83 3667 224 3737 Zukuntt
251 3668 447 3736 beobachtet
474 3669 604 3734 werden
634 3668 707 3734 soll.
755 3668 888 3752 Krtiger
916 3665 1073 3752 (Gramm.
1100 3671 1131 3750 ξ.
1153 3668 1217 3733 449

82 3769 170 3839 Anm.
195 3775 226 3858 1)
249 3774 339 3838 eitirt
361 3771 462 3836 dazu:
486 3769 554 3836 Cic.
579 3771 621 3836 de
643 3792 689 3835 or.
712 3771 744 3853 3,
767 3769 807 3834 31
831 3771 873 3834 011
895 3768 991 3833 modo
1013 3770 1113 3858 isqui
1129 3769 1218 3834 dicet

81 3883 132 3937 out
153 3877 283 3956 scribet,
306 3874 476 3939 institutus
498 3870 678 3937 liberaliter
700 3881 756 3937 ott.
782 3874 810 3955 1,
831 3871 873 3936 52
889 3871 978 3957 apud
993 3894 1075 3958 quos
1091 3870 1216 3960 aliquid

82 3986 151 4057 eget
177 3987 231 4044 aut
258 3977 321 4042 erit
348 3985 492 4042 acturus.
538 3973 620 4058 Hor.
650 3972 704 4037 od.
735 3975 762 4056 1,
792 3973 822 4056 9,
855 3973 903 4038 14.
948 3973 1087 4054 Quintil.
1113 3975 1162 4056 10,
1189 3978 1216 4056 1,

81 4073 119 4138 33
139 4076 213 4142 dum
234 4081 269 4144 in
290 4077 354 4159 his,
376 4075 418 4141 de
440 4076 557 4164 quibus
581 4076 644 4140 erit
665 4075 825 4162 quaestio,
853 4075 1094 4141 meminerimus
1116 4087 1174 4142 011.

159 4182 190 4260 ἕ.
213 4181 283 4246 138.
317 4180 405 4244 Dass
427 4177 512 4244 auch
534 4178 593 4243 das
616 4177 808 4241 Futurum
830 4187 1030 4258 exactum,
1058 4177 1111 4241 die
1134 4176 1215 4243 voll-

83 4277 194 4344 endete
214 4280 394 4367 Hundlung
415 4282 451 4345 in
472 4279 531 4345 der
544 4277 697 4344 Zukunft
718 4276 951 4362 bezeichneud,
972 4279 1007 4342 in
1028 4278 1136 4344 seiner
1160 4279 1215 4345 be-

82 4379 222 4446 kunnten
248 4395 402 4470 strengen
423 4381 643 4466 Anwendung
670 4379 771 4446 achon
799 4379 845 4461 im
866 4378 1215 4448 tiltestenLatein

83 4502 161 4567 ganz
183 4483 383 4568 gewbhnlicb
405 4485 465 4569 101,
490 4485 605 4570 zeigen
626 4481 682 4546 die
703 4479 910 4548 zahlreichen
933 4479 1068 4567 Stellon,
1094 4481 1215 4549 welche
