3130 5150
607 352 815 416 ..39-

144 507 319 572 Pronomen
341 505 529 572 Substantia
550 505 602 570 ist.
648 503 694 568 Zu
716 504 778 568 den
799 503 833 568 in
856 507 886 586 ξ.
905 505 944 570 16
966 505 1149 572 erwiihnten
1167 506 1281 592 Singu-

144 607 227 672 laren
249 609 373 676 kommt
394 607 446 672 bei
468 606 598 671 Tacitus
618 606 730 670 hinnu:
753 611 889 688 cqomter
911 605 1281 691 999.13,10.-Η39-

143 711 219 795 figer
239 709 289 774 als
311 708 368 774 der
388 707 578 774 Nominativ
600 707 672 773 sind
696 707 746 773 (119
769 707 904 792 dbm‘gen
927 707 1037 792 Casus,
1060 707 1128 773 slso

224 813 251 876 l.
276 810 512 876 Accusativ:
536 809 601 876 019.
624 809 710 875 Lael.
733 810 754 872 2
776 810 969 876 adulantem.
986 832 1031 879 or.
1051 813 1066 874 1
1086 816 1281 894 sequentem.

144 912 232 976 Taso.
254 913 287 996 4,
313 912 353 975 12
374 910 563 976 iracundum
584 932 661 976 esse.
692 910 791 976 Ibid.:
813 915 972 978 amantem
996 915 1107 996 (esse).
1130 912 1170 978 de
1188 935 1234 978 or.
1251 916 1281 998 3,

142 1015 178 1078 51
195 1015 281 1078 inter
296 1013 425 1078 doctum
441 1015 474 1076 et
487 1013 607 1078 rudem.
623 1013 675 1077 off.
692 1013 724 1095 2,
744 1013 783 1077 14
797 1013 965 1097 netarium,
981 1013 1124 1098 impium.
1148 1013 1280 1090 Quintil.

143 1117 188 1199 11,
204 1119 233 1198 1,
250 1115 294 1180 45
308 1135 375 1179 non
390 1112 472 1178 idem
494 1115 578 1199 apud
597 1114 763 1194 eruditum,
784 1114 868 1199 quod
884 1115 1054 1180 militarem
1069 1137 1105 1182 ac
1127 1117 1281 1183 rusticum

141 1215 257 1281 (199991.

219 1317 412 1383 2.Ι)9119;
441 1316 508 1382 Cio.
537 1315 624 1382 lael.
656 1317 696 1382 19
723 1317 917 1402 superiorem
943 1339 1053 1403 parem
1081 1320 1281 1386 9999191991-

139 1419 192 1485 ori.
216 1419 255 1484 de
279 1441 327 1484 or.
351 1419 381 1503 2,
403 1419 447 1483 44
475 1440 572 1504 aegro
600 1417 750 1484 adhibere
778 1418 978 1484 medicinam.
1001 1441 1048 1484 or.
1071 1420 1281 1507 2219999919

139 1521 286 1586 stultove.
331 1520 414 1585 Phil.
439 1521 488 1604 11,
510 1521 530 1585 8
552 1520 655 1584 911999
682 1523 714 1584 91
736 1519 819 1584 nihil
840 1522 950 1606 agenti
978 1521 1114 1604 privato.
1140 1560 1177 1570 -
1202 1522 1278 1588 Sall.

136 1621 208 1706 Jug.
232 1622 276 1686 42
301 1621 384 1686 bono
412 1622 496 1686 vinci
526 1620 626 1686 991199
654 1624 713 1686 est.
737 1659 780 1670 —
802 1621 870 1686 Liv.
895 1623 924 1706 6,
947 1623 967 1687 3
988 1623 1133 1707 parcitur
1154 1625 1279 1694 inermi.

137 1723 185 1806 26,
206 1723 249 1788 26
272 1721 400 1807 siquid
422 1722 590 1808 iniungere
613 1723 756 1788 inferiori
779 1722 867 1787 velis.

214 1825 247 1889 3.
274 1823 447 1890 Genetiv
468 1823 592 1889 sowohl
614 1845 675 1888 von
697 1823 890 1909 Adjcotiven
912 1826 960 1892 919
981 1846 1045 1890 von
1067 1825 1279 1912 Participien:

138 1930 170 2008 9)
192 1924 369 1991 besonders
391 1924 476 1989 bcim
498 1924 641 1990 Verbum
663 1946 742 1992 esso:
766 1925 831 1992 cie.
855 1925 940 1990 boel.
956 1929 978 1990 4
992 1948 1034 1991 99
1054 1927 1155 1992 invidi
1177 1929 1281 2013 magis

138 2050 228 2112 quam
258 2026 430 2092 9999191911.
454 2025 508 2090 off.
534 2028 563 2110 1,
585 2027 626 2092 23
648 2026 742 2092 fortis
771 2030 804 2090 et
827 2028 1003 2094 constantis
1032 2032 1088 2092 est.
1114 2031 1142 2112 1,
1165 2029 1207 2094 24
1228 2030 1279 2096 de

137 2129 250 2194 mentis
274 2131 332 2192 est.
358 2129 386 2209 1,
410 2126 452 2192 28
474 2147 541 2191 non
566 2128 669 2192 solum
691 2130 874 2214 arrogantis
903 2134 963 2212 est,
987 2129 1041 2193 sed
1064 2131 1196 2195 omuino
1218 2129 1276 2194 dis-

137 2231 241 2294 soluti.
266 2229 362 2294 Tuse.
390 2228 417 2308 l,
439 2229 481 2293 36
503 2230 672 2294 9991199119
695 2232 753 2294 991.
777 2269 817 2278 -
841 2232 877 2313 b)
902 2229 948 2294 919
969 2230 1049 2296 Gen.
1070 2233 1279 2314 possessivus:

139 2331 201 2397 Cic.
224 2355 258 2396 n.
286 2329 315 2393 d.
340 2329 416 2410 3,2
448 2330 532 2395 docti
566 2333 622 2394 aut
653 2331 776 2396 indocti
805 2333 916 2396 oratio.
946 2332 1010 2396 div.
1036 2336 1064 2415 1,
1088 2333 1131 2398 30
1164 2355 1278 2419 eorpus

136 2430 324 2498 dormientis
346 2433 383 2494 91
405 2431 530 2494 mortui.
555 2429 646 2496 Verr.
669 2433 700 2515 4,
720 2434 758 2497 41
791 2433 825 2497 in
853 2432 990 2517 improbi
1020 2435 1199 2518 praesentis
1221 2435 1278 2500 im·

135 2535 234 2619 perio.
257 2531 298 2597 ad
320 2530 380 2606 Qu.
403 2531 442 2594 fr.
471 2534 497 2614 1,
520 2532 551 2614 3,
578 2534 591 2594 l
617 2533 741 2616 efligies
763 2535 916 2618 spirantis
935 2536 1061 2600 mortui.
1078 2537 1117 2600 ad
1133 2537 1202 2601 Arc.
1230 2537 1278 2621 12,
1326 2540 1331 2548 ’

135 2637 169 2700 21
195 2633 292 2699 199119
314 2632 447 2717 aegroti.
473 2670 510 2679 —
536 2635 567 2720 c)
591 2633 639 2697 919
663 2634 741 2700 Gen.
765 2636 1278 2722 91]9911999;019.911.2,149(1-

135 2737 264 2802 miratio
293 2732 421 2817 copiose
451 2733 675 2820 sapienterque
698 2735 842 2802 dicentis.
873 2736 1005 2812 Quintil.
1032 2739 1064 2802 11
1072 2787 1081 2821 ,
1108 2739 1278 2816 1,161(9-

135 2839 263 2922 patiens
285 2833 469 2920 superioris.

217 2938 249 3001 4.
275 2935 455 3020 Ablativ,
482 2937 542 3000 mit
569 2937 635 3000 und
662 2937 746 3002 ohne
770 2938 991 3022 Priipositioo:
1019 2939 1085 3006 019.
1114 2941 1153 3006 (19
1176 2961 1222 3006 99.
1249 2945 1276 3020 1,

137 3040 283 3105 51119999
305 3037 414 3122 digna.
439 3036 523 3102 LaeL
549 3039 588 3102 15
611 3037 783 3122 insipiente
805 3039 979 3105 fortunato.
1003 3040 1042 3106 de
1064 3062 1111 3106 or.
1128 3043 1158 3124 3,
1175 3043 1217 3106 44
1238 3044 1278 3108 nb

135 3141 285 3227 imperito
308 3137 434 3202 dicendi
456 3138 643 3224 ignaroque.
666 3163 699 3224 p.
723 3139 843 3206 Mur.3
866 3164 885 3206 a
906 3141 1058 3226 gratioso.
1083 3142 1173 3209 Verr.
1190 3144 1221 3228 2,
1235 3145 1278 3208 24

135 3243 209 3330 quid
232 3242 284 3306 est
304 3239 429 3324 turpius
451 3240 603 3324 ingenuo,
633 3241 708 3324 quid
737 3242 842 3306 minus
864 3242 965 3307 libero
987 3243 1147 3328 dignum?
1169 3244 1223 3310 fin.
1247 3247 1276 3330 2,

137 3346 172 3410 17
196 3365 262 3408 999
287 3341 326 3406 (19
348 3341 503 3424 improbo,
525 3341 581 3406 sed
603 3343 642 3406 de
664 3342 778 3407 callido
800 3343 945 3428 improbo
966 3345 1157 3429 quaerimus.
1181 3346 1275 3412 Τ999.

137 3449 163 3530 1,
184 3445 228 3510 36
251 3443 286 3506 19
309 3445 441 3506 mortuo.
467 3480 504 3490 -
528 3442 596 3507 biv.
621 3443 651 3527 5,
667 3444 705 3506 21
725 3443 773 3508 ab
787 3443 903 3510 inermi
919 3445 1127 3512 abstineatur.
1143 3487 1185 3496 -
1200 3447 1275 3513 Seu.

135 3549 236 3612 const.
264 3543 303 3607 18
326 3563 345 3607 9
366 3564 500 3627 procace
524 3547 557 3608 et
570 3545 707 3628 superbo
722 3549 755 3610 et
769 3545 932 3614 iniurioso.
956 3546 1140 3632 19999217,
1162 3549 1184 3612 4
1206 3570 1277 3614 oum

134 3650 309 3716 exercitato
332 3645 365 3707 et
386 3644 488 3710 docto.

218 3757 251 3834 §-
279 3748 329 3813 19.
360 3745 426 3810 Das
450 3746 662 3813 Masculinum
685 3749 741 3814 der
764 3749 990 3834 Porticipia
1017 3749 1097 3814 wird
1121 3749 1212 3816 mehr
1232 3751 1276 3816 im

135 3854 244 3924 Plural
267 3851 314 3916 als
336 3849 381 3913 im
403 3845 556 3932 singular
578 3848 812 3916 substantivirt.

221 3957 250 4020 1.
274 3951 395 4018 Portio-
405 3953 600 4032 praesectis:
615 3954 753 4035 sopiens,
769 3953 948 4019 adulescens
961 3953 1027 4018 und
1038 3953 1151 4038 hitufig
1162 3976 1278 4022 amoos

133 4058 226 4126 nieht
254 4075 315 4119 nur
343 4049 393 4138 bei
421 4049 484 4114 den
511 4049 695 4138 Komikern,
724 4053 1274 4139 9996999999169101929994,

137 4163 175 4227 12
198 4158 361 4224 amantem
373 4149 459 4232 (scil.
475 4154 559 4239 esse)
575 4155 639 4220 und
654 4156 706 4220 bei
721 4155 784 4220 den
799 4154 995 4220 klassischen
1011 4156 1182 4223 Dichtern:
1199 4157 1276 4222 Luc·

135 4286 199 4345 rea,
221 4256 339 4343 virgil,
361 4249 481 4335 Horon,
505 4253 596 4321 Ovid.
627 4257 678 4323 off.
694 4258 724 4338 2,
742 4257 782 4322 14
796 4261 976 4323 nocentem.
1000 4295 1041 4306 -
1072 4257 1156 4324 Sen.
1184 4260 1275 4324 elem.

138 4383 167 4448 1,
192 4362 240 4445 19,
265 4362 282 4424 l
305 4353 442 4445 regenti.
465 4393 507 4404 -
530 4356 636 4426 Ueber
658 4359 720 4426 den
742 4360 858 4425 Aecus.
881 4359 947 4425 und
969 4357 1083 4426 Genet.
1108 4359 1225 4448 singul.
1250 4382 1274 4426 s.

135 4467 168 4546 ᾖ.
191 4464 241 4549 18,
268 4463 283 4528 l
307 4464 377 4531 und
397 4465 428 4530 3.
