3068 5138
770 481 811 491 —
854 443 1002 507 422-

310 596 541 682 Augustinus.)
564 617 596 661 n.
612 594 643 662 d.
659 595 690 676 3,
705 565 818 678 21,54
839 616 922 660 unus
943 615 1054 659 eorum
1078 593 1163 660 Jove
1183 603 1281 661 natus
1305 596 1355 679 (es
1377 593 1454 680 solgt

310 697 431 762 darauf
449 698 529 764 alter
552 735 590 746 -
614 698 750 781 tertius.)

396 823 509 890 Caes.
525 824 556 888 b.
574 845 607 908 g.
623 823 653 903 7,
668 823 710 888 35
730 844 748 886 6
762 823 894 909 regione
916 823 1012 888 unius
1028 845 1138 888 eorum
1154 824 1313 911 pontium.
1347 821 1455 888 Oefter

309 925 409 990 nicht.
459 926 557 991 Danu
585 922 686 990 sehon
714 923 862 1010 hitufiger
890 923 943 990 bei
969 923 1128 988 Livius:
1166 925 1450 1011 1646116116

309 1049 405 1092 unus.
437 1027 490 1107 24,
512 1026 554 1091 28
576 1025 761 1113 principum
782 1048 876 1094 unus.
909 1025 962 1107 26,
987 1025 1026 1089 12
1048 1035 1190 1092 scortum
1212 1023 1452 1109 transfugarum

313 1129 420 1193 unius.
459 1150 508 1213 cp.
532 1127 574 1192 33
597 1149 708 1192 eorum
735 1149 820 1191 uuus
850 1125 1013 1214 pluresve.
1052 1127 1110 1209 37,
1133 1126 1174 1192 23
1197 1136 1451 1214 purpuratorum.

311 1229 371 1310 40,
393 1228 414 1293 5
436 1250 584 1315 quorum.
614 1228 671 1309 42,
695 1229 736 1293 23
757 1227 857 1294 trium
879 1228 994 1293 harum
1016 1249 1124 1292 rerum
1146 1248 1256 1290 unam.
1299 1227 1363 1292 Mis
1385 1227 1451 1292 dem

310 1331 393 1397 Gen.
421 1327 614 1414 singularis:
651 1329 709 1410 22,
731 1329 774 1393 42
803 1339 835 1394 et
862 1327 977 1394 consul
1004 1328 1086 1393 alter
1115 1325 1205 1392 velut
1232 1349 1316 1393 unus
1343 1327 1451 1393 turbae

310 1429 460 1495 militaris
485 1438 562 1498 erat.
607 1429 671 1493 Mit
699 1428 886 1516 folgendem
916 1431 1012 1495 alter:
1048 1429 1105 1512 24,
1127 1430 1172 1493 44
1197 1438 1243 1516 et.
1257 1429 1450 1494 exercituum

309 1554 403 1612 unus,
427 1553 522 1618 quem
540 1528 688 1613 -alter,
712 1552 809 1615 quem
830 1541 890 1597 ctt.
927 1530 968 1595 Iu
989 1531 1046 1596 der
1061 1529 1259 1615 Bedeutung
1275 1551 1338 1594 von
1360 1530 1450 1595 atra:

307 1633 365 1713 23,
388 1632 445 1713 30,
471 1631 510 1694 19
536 1631 623 1718 quod
657 1641 732 1719 post
754 1631 959 1698 Cannensem
982 1628 1110 1698 cladem
1131 1653 1216 1696 unus
1238 1631 1449 1696 Romanorum

309 1735 541 1820 imperatorum
563 1732 597 1796 in
618 1731 716 1798 Italia
737 1755 892 1819 prospere
921 1754 990 1796 rem
1012 1733 1180 1818 gessisset.
1217 1729 1296 1817 Vgl.
1321 1729 1449 1798 Schsll

309 1835 343 1897 iu
366 1833 398 1898 d.
414 1833 514 1898 Bisa
530 1832 554 1896 f.
577 1832 789 1920 bayerisches
807 1832 1041 1919 Gymnasialw.
1060 1833 1153 1899 1868.
1176 1834 1210 1899 S.
1226 1833 1302 1899 323.
1325 1833 1448 1920 Poppo

309 1934 438 1998 Ztschr.
462 1935 485 1998 f.
509 1933 541 2000 d.
565 1933 802 2022 Gymnasialw.
829 1934 911 2000 1859
933 1933 966 2000 S.
989 1934 1063 2000 515.

394 2061 424 2124 9.
475 2057 586 2124 Ueber
620 2059 683 2124 den
711 2059 886 2127 Gabrauch
920 2060 978 2125 des
1006 2059 1446 2147 Appositionsverhitltnisses

309 2170 389 2226 statt
411 2160 469 2225 des
493 2160 577 2226 Gen.
601 2171 685 2248 part.
709 2183 736 2226 s.
759 2165 791 2242 §.
814 2161 844 2225 2.
890 2161 936 2224 Es
960 2160 1034 2226 siud
1057 2160 1136 2227 aber
1158 2160 1312 2246 folgende
1334 2160 1446 2227 Stellen

308 2261 569 2344 hinzuzusiigeu:
594 2261 706 2327 Caes.
723 2261 753 2329 b.
770 2283 802 2348 g.
822 2266 849 2345 1,
865 2263 908 2327 52
927 2263 1049 2348 reperti
1065 2272 1141 2328 sunt
1154 2259 1338 2349 complures
1352 2260 1445 2327 nostri

309 2361 441 2427 milites.
480 2361 519 2444 4,
545 2361 583 2426 12
611 2360 899 2449 compluribusque
925 2365 1047 2428 nostris
1075 2363 1222 2428 deiectis.
1262 2363 1299 2444 7,
1321 2363 1360 2427 41
1388 2373 1444 2426 tres

310 2484 387 2528 suus
410 2473 524 2528 nactus
547 2461 778 2549 manipulares.
811 2465 848 2544 5,
874 2463 914 2527 14
935 2463 1105 2528 interiores
1129 2462 1286 2548 plerique.
1320 2463 1351 2529 b.
1373 2484 1399 2526 c
1422 2463 1444 2544 l,

311 2563 351 2627 19
373 2584 447 2628 cum
468 2564 582 2649 paucis
604 2555 824 2630 familiaribus
846 2565 924 2628 suis.
957 2563 999 2629 46
1020 2565 1125 2628 nostri
1139 2601 1181 2611 —
1195 2565 1326 2629 circiter
1346 2573 1443 2651 septu·

306 2666 419 2749 aginta
440 2664 639 2731 ceciderunt.
674 2663 872 2746 2,21611111
893 2664 1152 2752 manipularibus
1180 2665 1250 2728 suis
1273 2664 1397 2730 duobus
1415 2673 1442 2726 et

308 2765 437 2850 viginti.
467 2765 611 2850 (Wegeu
632 2768 699 2831 suis
720 2773 808 2831 ware
829 2788 868 2831 eu
890 2788 930 2830 uu
948 2767 1135 2848 erwarteu.)
1167 2766 1199 2848 3,
1214 2767 1258 2832 53
1272 2766 1375 2832 nostri
1388 2784 1443 2828 non
1513 2801 1514 2824 t

307 2865 446 2953 amplius
477 2867 596 2951 viginti
624 2864 774 2932 omuibus
803 2877 881 2931 sunt
907 2866 1038 2954 proeliis
1069 2866 1261 2932 desiderati.
1290 2903 1331 2916 -
1357 2862 1440 2930 Bell.

307 2966 422 3036 Alex.
444 2967 486 3032 46
508 2988 587 3032 suae
609 2989 709 3032 naves
731 2965 916 3032 nonnullae.
950 2968 989 3032 B.
1013 2965 1122 3054 Hisp.
1141 2969 1180 3032 13
1202 2970 1307 3034 nostri
1329 2968 1440 3056 equites

307 3071 414 3154 pauci.
450 3069 490 3134 15
512 3069 616 3133 nostri
632 3068 820 3133 ceciderunt
834 3078 911 3132 tres.
944 3069 987 3133 30
1006 3067 1182 3133 auxiliares
1198 3091 1303 3156 prope
1316 3069 1439 3134 alterurn

308 3181 444 3234 tantum.
482 3169 523 3234 31
546 3169 650 3233 nostri
674 3167 851 3234 desiderati
872 3168 916 3233 ad
936 3170 1103 3235 hominum
1124 3167 1224 3234 mille.

393 3292 548 3359 Sallust
577 3293 653 3380 Jug.
676 3294 719 3359 66
740 3293 910 3379 Vagenses
937 3333 975 3342 -
1003 3295 1167 3382 principes
1196 3296 1340 3360 civitatis
1366 3294 1439 3359 inter

308 3417 344 3459 se
366 3395 546 3460 coniurant.
589 3395 676 3463 Liv.
699 3395 768 3477 4,4
789 3416 886 3481 quam
908 3394 1054 3483 plerique
1077 3395 1205 3460 habetis
1230 3397 1286 3478 (ε
1307 3395 1438 3484 plerique

305 3505 450 3562 vestrum
472 3495 618 3580 habent).
650 3497 702 3578 23,
727 3497 766 3561 13
788 3493 944 3582 plerique,
973 3496 1030 3582 qui
1057 3497 1316 3579 meminerimus,
1341 3517 1437 3583 super·

307 3621 429 3663 sumus.
462 3597 520 3677 45,
542 3598 585 3662 39
611 3595 757 3684 plerique
779 3598 995 3662 meminimus.
1039 3596 1132 3663 Nocb
1161 3597 1376 3664 auffallender
1393 3595 1436 3672 22,

307 3699 365 3781 59,
389 3699 408 3763 8
430 3719 491 3762 nec
513 3718 723 3784 supersumus
745 3719 875 3784 pugnae
895 3698 961 3762 nisi
983 3700 1017 3763 in
1039 3697 1158 3785 quibus
1180 3707 1239 3764 ctt.
1264 3701 1361 3786 („nur
1380 3697 1436 3762 die

304 3799 443 3884 jenigen
458 3819 524 3862 1611
542 3820 604 3862 uns
627 3797 700 3862 sind
723 3796 821 3883 tibrig
834 3796 1018 3883 geblieben,
1040 3821 1146 3885 gegen
1162 3799 1330 3884 welche.“)
1362 3799 1389 3876 l,
1401 3797 1435 3860 35

308 3899 426 3984 quibus
443 3898 554 3964 eadem
570 3898 757 3985 placebunt,
780 3899 815 3962 in
829 3899 980 3964 dextram
997 3910 1123 3986 partem
1138 3901 1329 3966 transibitis.
1360 3903 1388 3980 ξ.
1404 3899 1435 3960 12

307 3998 427 4084 quibus
449 3998 530 4064 baec
551 3998 710 4065 salutaria
724 3998 890 4082 videntur,
913 3999 1080 4085 agitedum
1104 4040 1143 4049 —
1166 4003 1311 4068 transite.
1352 3999 1433 4064 Ebeu

305 4122 341 4164 so
358 4101 468 4183 plures
494 4101 553 4183 „in
575 4100 634 4165 der
655 4099 841 4183 Mehrzabl,
865 4100 1075 4189 Majoritttt“:
1105 4103 1163 4184 34,
1187 4103 1230 4167 22
1258 4103 1299 4168 de
1323 4100 1381 4165 hac
1404 4117 1433 4161 re

304 4223 364 4265 vos
387 4201 531 4284 consulo,
554 4209 700 4266 staturus
723 4223 772 4283 eo,
795 4203 883 4289 quod
904 4201 1014 4290 plures
1036 4203 1240 4269 censueritis.

389 4325 557 4392 Ourtius
587 4327 623 4413 3,
645 4327 682 4408 9,
705 4328 727 4390 4
755 4337 788 4393 et
813 4327 972 4416 pedestris
999 4329 1085 4394 acies
1114 4327 1329 4415 quadraginta
1353 4324 1431 4390 milia

304 4427 537 4511 sequebantur.
570 4428 601 4509 5,
620 4429 649 4510 1,
664 4428 704 4491 41
728 4431 947 4495 mercenarius
968 4428 1061 4494 miles
1083 4428 1124 4493 ad
1140 4429 1189 4494 IV
1205 4430 1292 4495 milia
1306 4427 1428 4526 advene

302 4537 363 4591 rat.
404 4529 453 4611 10,
475 4528 507 4610 5,
534 4529 572 4592 15
594 4526 767 4615 Babylonii
790 4531 873 4596 alius
899 4569 935 4578 -
960 4530 1053 4596 alius.
1076 4569 1117 4580 --
1139 4531 1271 4618 Nepos
1293 4530 1345 4611 18,
1365 4529 1393 4608 5,
1413 4525 1427 4588 i
