3068 5138
580 333 810 398 -423-

117 485 312 552 munitiones
327 487 488 571 Antigoni
505 487 586 550 alias
603 484 759 568 incendit,
782 484 863 550 alias
886 485 1024 556 disiecit.
1043 526 1080 533 -
1096 487 1266 572 August.

116 585 177 651 civ.
201 587 245 651 D.
267 586 321 670 22,
343 587 385 652 28
408 586 555 653 nonnulli
577 585 690 655 nostri.

201 688 251 752 10.
296 687 383 753 Statt
405 687 463 752 des
486 687 666 774 partitiven
689 685 848 752 Genetivs
871 687 963 752 dient
985 688 1038 752 bei
1066 687 1264 756 undeclinir-

115 791 216 856 baren
249 788 474 854 Zshlwbrtern
513 790 586 853 eine
614 788 899 874 Praposition:
944 789 1013 854 (lic.
1042 788 1128 875 legg.
1155 791 1192 872 3,
1225 793 1265 856 10

113 913 208 956 nemo
231 912 247 956 c
269 889 390 955 decern.
424 890 463 972 2,
489 891 526 954 11
550 887 689 972 Thales,
713 890 767 974 qui
791 890 1052 976 sapientissimus
1081 893 1117 956 iu
1139 902 1263 978 septem

114 991 187 1057 fuit.
224 1013 274 1079 ep.
304 990 347 1055 ad
375 990 468 1055 Brut.
494 993 528 1072 l,
555 991 593 1056 15
619 989 880 1076 sapientissimus
913 991 977 1055 fuit
1004 1012 1041 1057 cx
1074 1001 1200 1082 septem
1230 1005 1264 1060 ct

113 1092 222 1178 legum
245 1093 384 1179 scriptor
406 1091 494 1156 solus
517 1112 556 1157 aa
578 1101 710 1179 septem.
734 1131 771 1138 —-
796 1090 890 1156 Auch
920 1101 1011 1158 sonet
1038 1093 1125 1159 steht
1151 1094 1263 1180 htufig

112 1215 160 1276 er,
183 1192 383 1260 namenth'ch
406 1194 490 1258 nach
505 1213 607 1272 anua·
630 1190 885 1277 cigenthiimlich
900 1192 953 1258 bei
970 1193 1063 1259 Sall.
1080 1194 1158 1280 Jug.
1173 1195 1226 1276 44,
1246 1197 1260 1260 l

111 1294 289 1380 praedator
304 1317 346 1360 cx
361 1295 458 1360 sociis
475 1294 531 1378 (=
545 1292 701 1381 praedam
718 1316 760 1358 ex
776 1296 872 1359 suciis
888 1299 1010 1380 agens.)
1042 1295 1142 1361 Nicht
1159 1296 1262 1362 seiten

111 1398 155 1461 ist
177 1394 277 1460 dciiir
298 1394 351 1459 die
373 1395 471 1482 Prap.
495 1397 551 1460 de:
577 1394 684 1460 Plaut.
707 1395 827 1460 Pseud.
850 1397 882 1477 4,
907 1397 937 1479 1,
960 1395 1001 1460 68
1025 1396 1196 1460 dimidium
1222 1437 1260 1445 —

111 1497 153 1562 de
175 1495 301 1584 praeda
323 1496 411 1561 dare.
445 1495 547 1561 Stich.
570 1497 600 1579 2,
623 1496 655 1580 2,
679 1496 720 1562 15
742 1497 866 1562 discam
888 1495 929 1560 de
952 1497 1048 1561 dictis
1071 1497 1261 1565 melioribus

111 1600 172 1682 (sc.
195 1600 323 1683 unurn).
357 1597 453 1662 Most.
478 1598 512 1678 1,
534 1598 566 1680 2,
590 1597 631 1661 72
652 1597 832 1663 industrior
854 1597 896 1660 16
917 1597 1097 1662 iuventute.
1130 1599 1162 1680 5,
1185 1600 1217 1682 2,
1240 1602 1261 1666 5

110 1701 150 1766 16
175 1698 348 1764 sodalitate
364 1698 463 1764 solus.
492 1698 591 1763 Truc.
607 1699 637 1778 4,
652 1698 682 1781 2,
698 1699 741 1764 34
756 1697 797 1761 16
812 1699 947 1764 obsonio
971 1721 1042 1764 meo
1065 1701 1260 1788 participem

109 1802 191 1867 lieri.
225 1800 300 1868 Ter.
323 1799 442 1867 Heaut.
465 1800 497 1883 4,
523 1800 551 1882 1,
574 1798 616 1864 39
639 1821 679 1864 16
702 1821 820 1884 expers
843 1801 945 1887 partis
969 1810 1055 1865 esset
1077 1801 1117 1866 de
1139 1805 1260 1870 nostris

108 1903 217 1968 bonis.
242 1939 280 1948 —
305 1900 384 1966 Cio.
407 1901 460 1970 off.
488 1903 519 1985 l,
541 1901 584 1964 43
613 1900 654 1964 16
683 1900 811 1967 duobus
839 1909 947 1966 utrum
970 1899 1148 1971 honestius.
1190 1906 1257 1970 inv.

107 2005 138 2087 2,
158 2003 199 2069 18
221 2000 346 2090 aliquid
370 2001 411 2067 de
433 2023 501 2088 rep.
517 2002 758 2067 administrare.
788 2025 820 2089 p.
838 2001 921 2068 Sest.
937 2001 980 2066 40
998 2003 1038 2066 16
1054 2005 1259 2089 praetoribus

107 2126 193 2172 uuus
215 2104 353 2170 alienus.
388 2103 429 2168 de
449 2125 495 2168 or.
511 2105 542 2187 2,
562 2104 599 2167 11
624 2102 665 2166 16
686 2104 836 2169 humanis
860 2103 1013 2190 operibus
1036 2103 1133 2190 longe
1154 2107 1258 2171 maxi-

106 2229 207 2271 mum.
241 2204 326 2270 Phil.
352 2205 401 2286 12,
425 2205 444 2269 8
467 2203 508 2270 16
530 2203 705 2291 parricidis
728 2204 947 2270 audacissimi.
980 2203 1073 2269 Brut.
1095 2206 1136 2271 33
1159 2207 1258 2271 istum

107 2308 148 2374 de
171 2306 396 2396 superioribus
420 2326 523 2394 paene
539 2307 640 2372 solum
662 2304 745 2391 lego.
774 2328 806 2393 p.
823 2305 897 2390 Lig.
913 2305 933 2370 5
949 2328 1046 2392 quam
1062 2305 1156 2372 multi
1172 2310 1258 2373 enim

106 2418 216 2474 essent
248 2407 289 2471 de
322 2407 503 2473 victoribus
536 2445 578 2454 -
611 2429 684 2471 cum
718 2407 817 2471 etiam
850 2406 890 2471 16
918 2403 1022 2473 victis‘
1044 2409 1258 2495 reperiantur.

108 2511 147 2586 12
167 2511 263 2576 nullu
291 2507 332 2573 de
354 2507 533 2574 virtutibus
561 2507 626 2573 tuis
656 2508 814 2594 plurimis.
854 2507 939 2573 Phil.
966 2509 1017 2590 12,
1044 2512 1080 2573 11
1112 2522 1150 2578 ut
1176 2513 1258 2578 nihil

106 2611 212 2700 possit
228 2610 277 2675 de
300 2609 418 2675 officiis
441 2608 613 2694 legationis
635 2608 814 2675 attendere.
848 2631 878 2696 p.
896 2608 1014 2675 Flacco
1030 2611 1071 2675 36
1091 2612 1172 2677 nihil
1188 2613 1258 2699 ipse

106 2715 218 2798 attigit
241 2710 283 2776 de
306 2709 491 2777 Valerianis
514 2711 619 2777 bouis.
655 2711 695 2775 de
717 2731 763 2775 or.
791 2714 819 2794 1,
841 2711 883 2775 43
905 2731 994 2776 neno
1017 2711 1058 2776 de
1081 2712 1132 2776 iis.
1160 2713 1256 2778 Tusc.

103 2816 140 2897 5,
163 2814 207 2882 36
229 2833 325 2878 nemo
348 2812 389 2876 de
412 2811 517 2877 nobis.
554 2836 585 2899 p.
609 2811 711 2879 Marc.
735 2813 752 2876 7
777 2822 813 2877 ut
835 2812 916 2878 ualli
938 2814 1104 2898 supersint
1132 2812 1257 2879 16111-

103 2916 211 2982 micis.
245 2911 737 2981 110666112211111166116
761 2913 969 2979 ornamentis.
1003 2912 1088 2978 Phil.
1104 2912 1172 2996 2,6
1194 2917 1256 2981 duo

103 3017 144 3080 de
166 3014 388 3083 consularium
411 3036 557 3080 numero.
593 3014 623 3096 1,
648 3014 665 3077 l
690 3013 731 3078 de
754 3014 876 3098 tribus,
900 3035 983 3101 quae
1005 3015 1171 3100 proposui,
1195 3016 1255 3080 hoc

103 3128 290 3184 extremum
313 3125 373 3181 est.
403 3115 499 3180 Rosa.
523 3115 718 3181 Ansere
741 3115 846 3180 tribus
870 3125 902 3180 et
925 3116 1037 3179 decem
1060 3115 1171 3180 fundis
1194 3121 1284 3182 tres'

102 3218 327 3286 nobilissimos
349 3215 470 3280 fundos
493 3237 566 3281 eum
590 3216 685 3281 video
708 3216 887 3305 possidere.
917 3217 951 3279 in
966 3215 1077 3281 Vatin.
1093 3218 1111 3281 7
1127 3215 1168 3281 dc
1184 3219 1254 3304 qui·

102 3321 164 3387 bus
187 3321 269 3386 daos
290 3317 394 3384 vides.
428 3316 514 3403 legg.
537 3319 569 3402 3,
592 3319 610 3382 7
634 3317 834 3401 aliquande
857 3318 973 3382 tribus.
1006 3317 1071 3386 div.
1097 3321 1126 3398 1,
1148 3319 1188 3383 41
1213 3318 1255 3384 16

102 3421 291 3512 principum
313 3419 389 3484 filiis
411 3440 474 3486 ser.
507 3442 576 3507 rep.
600 3420 637 3503 3,
662 3420 702 3483 14
730 3421 770 3486 16
798 3419 902 3484 tribus
924 3439 1033 3484 anum.
1068 3418 1150 3484 Phil.
1174 3420 1211 3503 2,
1234 3421 1255 3484 6

101 3524 167 3591 duo
190 3521 235 3587 de
257 3520 476 3586 consularium
499 3542 642 3586 numero.
676 3518 760 3605 legg.
785 3523 814 3603 1,
833 3520 854 3583 2
876 3541 981 3605 neque
1003 3541 1191 3603 quemquam
1214 3523 1254 3587 de

104 3627 242 3693 Graecis
266 3623 393 3708 legisse.
428 3621 495 3686 har.
512 3645 598 3709 resp.
615 3621 657 3688 25
679 3644 783 3708 neque
805 3621 979 3709 quisquam
1001 3621 1043 3685 de
1065 3621 1253 3706 gregalibus

102 3731 185 3793 eius.
222 3723 307 3810 legg.
332 3725 367 3808 2,
393 3724 491 3789 1611
518 3724 560 3787 16
588 3723 706 3789 ritibus
736 3724 851 3809 patriis
881 3720 1029 3787 colantur
1051 3723 1175 3810 optimi.
1209 3722 1252 3787 ad

102 3827 166 3909 Qu.
190 3825 321 3904 1(.2,1
346 3825 388 3890 de
411 3825 550 3890 tribunis
573 3823 616 3911 pl.
639 3824 736 3910 longe
758 3825 926 3911 optimum.
961 3824 1151 3906 fam.16,1,
1175 3824 1252 3890 316

101 3932 166 3996 tuis
191 3926 431 3993 immortalibus
454 3928 489 3991 in
510 3950 562 3992 me
577 3925 694 3991 officiis
712 3928 773 3991 erit
795 3925 855 3991 hoc
869 3926 1103 4011 gratissimum.
1138 3926 1252 4012 parad.

103 4033 119 4095 1
143 4029 250 4094 multa
272 4029 312 4094 de
335 4030 401 4094 suis
423 4027 532 4093 rebus.
563 4051 631 4114 rep.
648 4029 684 4108 -3,
704 4029 746 4093 35
768 4027 892 4092 nullum
915 4047 987 4092 csse
1009 4026 1050 4091 de
1072 4026 1176 4091 tribus
1199 4027 1249 4092 his

100 4129 291 4217 generibus.
1042 4153 1047 4164 ·

189 4233 301 4297 Caes.
324 4232 356 4296 b.
371 4253 403 4316 g.
427 4231 460 4314 6,
486 4232 525 4296 13
547 4232 605 4296 sed
628 4229 741 4296 dehis
764 4229 890 4294 duobus
913 4229 1088 4314 generibus
1111 4227 1250 4294 alterum

101 4345 152 4401 est
175 4333 350 4415 Druidum,
374 4333 511 4398 alterum
535 4335 690 4417 equitum.
714 4369 756 4378 -
778 4330 876 4398 Veli.
901 4332 932 4413 2,
956 4331 1106 4416 82,316
1130 4330 1248 4418 quibus

101 4459 177 4524 pars
202 4442 320 4522 quarta
343 4434 526 4500 desiderata
548 4442 607 4499 est.
640 4433 722 4498 Val.
738 4433 838 4499 Max.
861 4434 890 4516 1,
907 4433 975 4515 8,9
996 4455 1081 4498 unus
1104 4431 1145 4497 de
1167 4433 1247 4496 mul-
