3034 5142
717 410 754 420 -
799 372 947 438 296-

256 529 332 593 dess
357 529 418 592 mit
431 526 570 611 Madvig
593 526 661 590 und
676 528 789 590 Peters
812 547 874 592 esse
896 524 944 592 als
961 525 1108 591 infinitiv
1132 527 1190 592 des
1207 526 1389 613 Imperfeets

256 627 438 697 betreehtet
462 627 560 712 wird,
590 628 673 694 auch
698 627 787 692 nieht
809 651 850 692 zu
880 636 1008 694 stiitzon
1030 627 1090 693 auf
1108 631 1238 694 orernini
1259 651 1287 693 e.
1310 629 1390 696 infin.

256 753 363 820 praes.
387 729 466 796 oder
488 730 558 794 Cic.
581 730 635 794 off.
663 732 689 812 l,
713 731 764 809 30,
790 730 849 794 108
873 728 915 810 Q.
939 729 1119 795 Maximum
1142 731 1324 817 accepimus
1349 731 1390 795 fe-

256 834 318 900 oile
340 832 447 899 celere
470 841 527 897 ott.
551 832 647 896 Denn
666 833 762 920 jener
789 831 982 896 Potentialis
1006 832 1094 898 steht
1109 834 1192 897 noch
1215 833 1250 896 in
1271 831 1391 896 direc-

156 1021 161 1030 ἡ
256 945 316 1002 ter
337 933 591 1020 Abhengigkeir
614 955 688 997 vom
711 934 871 999 Praesens
894 933 1044 1014 indicet,
1073 933 1135 998 wie
1158 933 1227 998 Cio.
1250 933 1342 998 Verr.
1364 933 1389 1012 4,

255 1039 288 1119 6,
314 1038 349 1102 ll
382 1036 453 1100 veri
483 1035 587 1100 simile
617 1057 682 1099 non
710 1044 817 1101 estut
839 1034 895 1099 ilie
919 1073 956 1082 -
980 1035 1151 1122 pecuniam
1179 1043 1392 1121 anteponeret.

257 1138 350 1205 Nooh
373 1135 572 1202 deutlioher:
597 1137 629 1200 in
654 1137 762 1202 Vatin.
792 1142 821 1219 ξ.
846 1139 867 1202 5
888 1159 1008 1224 quaero
1032 1159 1052 1201 a
1074 1146 1116 1220 te,
1138 1159 1198 1202 eur
1221 1135 1258 1200 C.
1282 1136 1392 1202 Corne-

256 1239 336 1307 lium
358 1261 424 1307 non
446 1237 656 1304 defenderem
679 1241 840 1320 („werum
863 1238 954 1303 hatte
982 1238 1033 1303 ich
1063 1237 1120 1303 ihn
1149 1238 1241 1305 nieht
1262 1238 1394 1306 verthei·

258 1342 357 1428 digen
380 1338 541 1422 sollen?“)
586 1339 681 1405 Eben
711 1363 748 1405 so
776 1341 835 1404 der
863 1341 917 1404 die
939 1339 1138 1426 Gegenwert
1160 1339 1394 1406 bezeichnende

260 1442 452 1510 Potentielis
474 1443 599 1508 vellere:
621 1443 718 1507 Tuse.
745 1429 896 1526 1,27,67
921 1443 949 1507 si
972 1443 1082 1507 omnia
1097 1442 1138 1507 ad
1154 1441 1394 1528 intelligendum

257 1569 322 1612 non
345 1545 460 1626 habeo,
483 1565 567 1631 quae
589 1545 709 1609 habere
726 1542 853 1607 vellem.
877 1544 954 1608 fem.
978 1546 1008 1627 7,
1024 1545 1054 1626 3,
1069 1545 1090 1608 6
1106 1543 1206 1609 habes
1229 1543 1392 1631 epistolem

260 1648 482 1714 verbosiorem
505 1646 643 1711 fortasse
665 1667 762 1731 quem
785 1644 896 1710 velles

343 1750 404 1814 Bei
437 1746 613 1812 irrealer
644 1746 898 1833 Bssedingnng:
933 1748 1040 1836 Pleni.
1074 1747 1166 1813 Trin.
1200 1749 1264 1813 992
1290 1747 1323 1812 di
1348 1771 1395 1812 me

257 1849 397 1938 perdant
404 1897 413 1932 ,
442 1849 470 1912 si
493 1857 525 1912 te
547 1847 640 1914 flocci
667 1848 752 1914 faeie
781 1871 830 1912 nn
846 1848 1000 1936 periisses
1029 1852 1118 1938 prins
1147 1849 1233 1935 (scil.
1256 1848 1394 1914 sednon

258 1952 413 2040 periisti).
457 1948 619 2015 Aehnlieh
646 1948 729 2014 nach
759 1950 817 2014 der
846 1949 1210 2036 Bethouerungsformel
1238 1951 1292 2016 bei
1321 1950 1394 2016 Hor.

258 2065 317 2120 set.
346 2057 371 2134 l,
395 2053 427 2135 9,
450 2052 491 2116 47
515 2052 699 2138 dispeream
720 2054 753 2116 ni
777 2053 963 2119 submosses
987 2075 1096 2118 omnes
1120 2053 1204 2137 (soil.
1229 2055 1257 2118 si
1272 2075 1323 2118 me
1337 2063 1393 2118 tra·

258 2157 390 2241 disses).
424 2153 492 2218 Cio.
516 2152 558 2218 ad
581 2155 650 2219 Au.
674 2155 704 2237 8,
727 2155 757 2237 6,
780 2155 801 2218 3
824 2155 959 2239 moriar,
989 2155 1016 2219 si
1036 2157 1141 2240 magis
1163 2155 1349 2240 gauderem,
1370 2153 1394 2218 si

258 2259 292 2322 id
314 2258 393 2322 mihi
417 2255 597 2322 accidisset.
644 2256 734 2321 Nach
758 2257 918 2324 dubitare:
944 2227 1000 2338 ld?
1018 2259 1068 2340 14,
1091 2257 1111 2322 3
1133 2255 1168 2321 id
1190 2265 1300 2322 autem
1321 2255 1393 2342 quid

259 2359 475 2444 dubitesquin
492 2357 589 2421 etiem
597 2359 630 2422 in
638 2380 738 2444 remp.
747 2357 913 2446 praeclare
920 2359 1051 2424 caderet
1067 2359 1225 2444 („pessen
1241 2358 1393 2440 wiirde‘q.

259 2461 335 2526 fam.
360 2459 409 2542 13,
435 2460 463 2540 1,
487 2459 508 2524 5
530 2481 589 2524 neo
611 2459 740 2526 dubitet
761 2463 839 2546 quin
862 2482 922 2546 ego
943 2499 984 2509 —-
1000 2462 1061 2526 hoc
1082 2463 1239 2546 consequi
1261 2481 1392 2546 possem,

259 2565 354 2628 etiam
377 2564 405 2625 si
428 2561 658 2627 aedificaturus
680 2584 777 2626 esses.
803 2601 839 2609 —
863 2562 977 2628 Dureh
1001 2561 1127 2647 Ellipeo
1154 2563 1198 2627 ist
1225 2585 1267 2626 nu
1296 2559 1394 2626 erkle·

260 2687 332 2728 ren:
363 2664 432 2728 Cio.
457 2687 488 2732 n.
512 2663 544 2728 d.
566 2663 598 2745 2,
620 2664 673 2746 57,
705 2663 765 2727 144
792 2662 973 2729 flexuosum
1001 2665 1063 2730 iter
1090 2663 1189 2728 habet
1211 2663 1338 2748 (auris),
1358 2685 1394 2726 ne

260 2765 339 2850 quid
362 2767 484 2830 intrare
507 2767 619 2852 possit,
642 2767 670 2829 si
694 2764 833 2851 simplex
856 2774 889 2830 et
911 2765 1069 2831 diroetum
1087 2771 1210 2848 pateret
1232 2764 1394 2850 (vollstin-
1505 2758 1506 2820 ἒ

260 2868 335 2952 dig:
359 2867 446 2953 quod
468 2876 589 2954 posset,
612 2869 639 2932 si
662 2868 813 2953 peteret).

344 2967 405 3033 Bei
427 2968 607 3034 Citaten:
644 2968 715 3034 cie.
737 2995 769 3035 n.
792 2969 825 3034 d.
851 2971 878 3050 l,
903 2969 953 3052 15,
976 2969 1019 3034 39
1042 2967 1123 3033 dicit
1145 3007 1186 3016 —
1210 3006 1249 3016 —
1272 2979 1339 3034 turn
1360 2989 1394 3030 ee

261 3093 346 3159 qnae
368 3081 486 3137 nature
507 3069 645 3143 fluerent
667 3079 763 3157 atque
785 3080 954 3136 manarent
977 3072 1072 3154 (stadt
1094 3070 1199 3136 fluent
1220 3082 1318 3158 etque
1337 3091 1393 3132 mn-

261 3174 364 3258 nent).
389 3178 420 3254 5.
443 3173 486 3236 40
507 3172 659 3258 idemque
682 3171 829 3259 disputat
849 3171 983 3238 aethera
1005 3193 1077 3236 esee
1099 3193 1173 3238 enm
1195 3194 1290 3260 quem
1305 3171 1394 3238 homi·

259 3295 318 3338 nes
348 3273 465 3338 Jovom
493 3272 695 3360 appellarent
722 3283 779 3339 ott.
812 3280 843 3358 ξ.
872 3275 911 3338 61
944 3273 1107 3360 Epicurus
1136 3311 1178 3322 —-
1206 3275 1286 3360 quid
1313 3271 1392 3350 dicit,

261 3374 349 3462 quod
372 3397 438 3444 non
460 3375 556 3441 modo
579 3373 785 3463 philosophia
806 3376 940 3462 dignum
965 3387 1061 3460 esset,
1085 3375 1142 3440 sed
1158 3375 1313 3441 mediocri
1329 3395 1392 3460 pru·

261 3475 398 3542 dentis?
420 3475 464 3540 ed
486 3479 556 3543 An.
579 3477 713 3559 4,16,3
736 3478 843 3564 quoad
866 3480 992 3564 primus
1013 3476 1069 3542 ille
1091 3499 1197 3542 sermo
1220 3478 1391 3553 haberetur,

262 3579 357 3646 adest
378 3581 412 3644 in
436 3578 635 3666 disputando
658 3601 775 3673 senos,
799 3579 917 3646 deinde
940 3603 1014 3644 eum
1035 3583 1107 3667 ipse
1121 3603 1251 3666 quoque
1266 3599 1392 3644 eommo-

261 3682 395 3748 dissime
417 3682 544 3746 loeutus
567 3689 664 3764 esset,
687 3681 820 3746 adrem
843 3681 988 3746 divinam
1017 3682 1099 3747 dicit
1126 3703 1162 3745 se
1189 3680 1274 3745 velle
1300 3680 1391 3745 disee·

261 3782 350 3848 dere.
395 3785 448 3848 Au
472 3781 604 3849 solehen
628 3782 751 3849 Stellen
774 3793 878 3850 setzte
901 3783 1015 3849 Cicero
1038 3784 1232 3867 Praeterita,
1255 3780 1326 3846 weil
1343 3781 1392 3845 dor
1504 3807 1505 3810 ¹

262 3883 425 3949 Gedanko
457 3907 498 3950 an
532 3885 595 3949 den
630 3886 760 3951 eitirten
797 3883 1032 3951 Schriftsieller
1059 3883 1116 3949 ihn
1152 3887 1187 3950 in
1224 3884 1276 3949 die
1303 3883 1389 3948 Ver·

261 3987 513 4071 gangonhoit
536 3986 779 4052 zuriieksiihrte.
824 3986 949 4050 Hieran
977 3985 1128 4052 sehliesst
1156 3987 1227 4052 sich
1248 3985 1338 4050 Tnse.
1362 3981 1388 4060 5,

263 4089 293 4169 7,
321 4091 359 4152 19
381 4111 455 4153 num
479 4090 558 4177 quid
581 4089 777 4176 profitetur?
804 4111 825 4154 o
848 4087 882 4152 di
905 4087 997 4153 boni!
1026 4087 1245 4175 perieeturem
1268 4109 1317 4169 se,
1342 4081 1388 4170 qui

262 4188 390 4274 legibus
419 4191 486 4256 suis
516 4193 677 4276 paruisset
704 4201 740 4255 ut
768 4200 854 4256 osset
880 4200 993 4256 contro
1020 4189 1183 4256 fortunam
1206 4209 1328 4276 semper
1346 4205 1388 4250 ru·

262 4299 370 4356 metus
393 4301 450 4359 ott.
475 4293 554 4377 (Die
569 4291 794 4378 Verbeissung
816 4293 860 4357 ist
881 4293 981 4358 sehon
1004 4314 1067 4358 von
1088 4292 1243 4358 sriiheren
1257 4293 1389 4357 Antoren

262 4395 429 4478 gegeben,
458 4393 560 4459 daher
589 4393 643 4459 die
671 4395 879 4477 Praeterito)
907 4433 947 4442 —
976 4393 1047 4460 Ans
1072 4394 1261 4461 Attreenion
1287 4389 1389 4473 hemht

263 4494 343 4560 aber
364 4517 396 4558 n.
420 4494 452 4558 d.
475 4497 506 4577 3,
528 4495 569 4562 28
592 4494 668 4560 huie
691 4495 761 4562 loeo
784 4498 833 4562 sie
855 4495 965 4564 soletis
987 4517 1172 4562 occurrere:
1197 4520 1261 4564 non
1282 4494 1388 4562 ideireo
