3050 5146
548 383 895 450 -221-’

120 537 164 603 etri
182 536 302 603 werden
325 537 407 603 eben
436 561 471 603 so
494 541 618 626 wenig,
641 541 703 604 wie
725 538 848 603 andere
869 536 1012 602 Klassen
1035 535 1094 601 der
1114 533 1242 603 Neben·

120 647 206 720 attae,
225 661 288 705 ron
310 640 386 705 dem
400 642 614 726 regierenden
634 641 791 704 Praesens
815 639 873 706 dos
889 639 1109 726 Hauptsataes
1133 638 1242 703 beein·

119 738 206 805 flusst.
247 742 301 806 Sic
323 741 430 806 haben
453 740 522 808 also

173 915 214 964 ,0.
235 893 531 981 Haupttempor
542 918 576 958 a:
601 897 694 959 Rosc.
709 897 783 960 Am.
800 896 838 958 14
851 917 927 980 ergo
939 893 1021 958 illud
1039 895 1105 958 iam
1118 895 1243 981 perspi-

118 997 349 1080 cuumprofecto
373 1007 433 1078 est,
458 999 487 1060 si
502 1018 607 1083 neque
619 1018 730 1062 amens
746 1005 839 1084 pater
861 1018 966 1084 neque
984 995 1131 1082 perditus
1154 994 1254 1059 filius*

115 1094 207 1178 feeerit,
218 1118 321 1183 neque
335 1095 539 1165 odiioausam
554 1099 751 1184 patrincque
765 1097 897 1162 sceleris
907 1096 1099 1178 fitiojfuisse.
1112 1098 1166 1160 fin.
1181 1099 1210 1178 l,
1225 1099 1242 1160 7

117 1195 217 1280 quibus
247 1199 275 1262 si
305 1197 405 1262 semel
432 1197 556 1284 aliquid
579 1197 653 1262 falsi
681 1221 739 1286 pro
762 1221 840 1263 vero
863 1199 1036 1286 probatum
1059 1200 1111 1279 sit,
1135 1197 1242 1262 subla-

116 1305 173 1359 tum
199 1299 266 1363 esse
294 1320 390 1364 omne
421 1301 576 1364 iudicium
606 1303 675 1364 veri
704 1311 737 1364 et
760 1299 835 1364 salsi
859 1311 961 1387 putat.
985 1324 1016 1387 p.
1041 1299 1181 1364 Caecina
1203 1300 1244 1363 33

116 1401 212 1481 quaeri
225 1399 287 1466 hoc
302 1400 407 1466 solere
423 1423 472 1464 me
488 1424 553 1466 non
569 1403 735 1489 praeterit,
759 1401 909 1488 quemad
926 1402 1069 1482 modum,
1086 1401 1114 1465 si
1125 1401 1244 1464 civitas

115 1499 201 1562 adimi
213 1523 276 1565 non
283 1505 394 1584 possit,
410 1503 444 1565 in
460 1501 603 1567 colonias
619 1503 753 1568 Latinas
769 1524 865 1589 saepe
881 1503 985 1567 nostri
1001 1503 1089 1565 cives
1107 1501 1245 1584 profecti

115 1599 180 1664 sint.
192 1600 265 1667 lam.
281 1604 331 1685 13,
344 1603 397 1685 29,
410 1605 427 1667 l
440 1603 501 1669 hoe
513 1604 592 1667 milri
606 1603 704 1668 velim
717 1604 831 1668 credas
835 1653 844 1686 ,
857 1605 885 1667 si
898 1602 977 1689 quid
989 1603 1122 1667 fecerim
1137 1603 1244 1666 minus

114 1723 149 1764 ex
163 1703 309 1769 Caesaris
325 1703 560 1802 voluntate,·id
576 1705 695 1770 fecisse
711 1705 846 1770 aliorum
863 1703 1008 1770 consilio.
1032 1703 1125 1768 Verr.
1146 1705 1176 1784 5,
1192 1704 1243 1786 51,

115 1802 175 1866 134.
185 1805 273 1890 0113,
288 1807 338 1890 13,
350 1807 402 1871 54.
415 1805 550 1894 pCaeo.
566 1806 604 1870 12
620 1829 751 1893 quaero,
764 1807 792 1870 si
808 1816 840 1871 te
855 1803 1243 1892 hodie—prohibuerint,

113 1904 181 1990 quid
195 1918 328 1972 acturus
343 1907 454 1972 fueris.
467 1946 508 1955 —
520 1907 584 1972 Mit
594 1912 658 1988 etsi,
675 1911 799 1973 clr'urnsi
810 1907 877 1972 und
891 1911 1030 1972 tarrectsi:
1046 1907 1122 1971 fam.
1135 1908 1166 1988 3,
1178 1908 1209 1985 5,
1229 1907 1244 1968 1

113 2006 219 2072 scribis
235 2011 332 2092 enim,
356 2031 440 2095 quae
462 2010 504 2073 de
518 2011 637 2074 nostris
653 2010 771 2074 officiis
788 2010 830 2074 ad
846 2019 879 2073 te
894 2009 1091 2094 scripserim,
1104 2009 1169 2072 etsi
1185 2006 1246 2071 tibi

113 2108 243 2175 iucunda
256 2111 389 2194 luerint,
402 2120 510 2175 tamen
521 2135 586 2178 non
598 2112 781 2176 necessaria
793 2123 825 2176 te
833 2121 974 2198 putasse.
990 2110 1021 2192 6,
1033 2109 1085 2190 21,
1097 2110 1117 2172 2
1127 2129 1246 2194 magna

111 2210 187 2274 enim
203 2210 381 2278 consolatio
398 2221 457 2296 est,
481 2236 554 2277 eum
571 2214 753 2296 recordare,
771 2213 897 2277 etiamsi
913 2234 1006 2276 aecus
1022 2212 1192 2290 acciderit,
1214 2219 1246 2274 te

111 2320 210 2378 tamen
222 2324 309 2379 recte
325 2334 467 2399 vereque
482 2317 634 2379 sensisse.
651 2314 715 2400 leg.
738 2315 827 2378 Man.
840 2316 861 2378 5
873 2315 963 2379 cuius
977 2313 1048 2400 ipso
1060 2314 1203 2378 adventu
1216 2322 1248 2376 et

111 2415 239 2496 nornine,
262 2415 393 2479 tametsi
413 2414 471 2482 ille
493 2418 534 2480 ad
550 2419 753 2481 maritimum
769 2416 889 2481 bellurn
905 2417 1043 2494 venerit,
1065 2425 1175 2480 tamen
1190 2416 1248 2478 iru-

111 2525 196 2597 petus
219 2517 360 2582 hostiurn
383 2538 547 2602 repressos
571 2539 642 2583 esse
670 2517 866 2604 intelligunt.
893 2540 960 2605 rep.
986 2520 1015 2598 1,
1040 2519 1057 2580 7
1081 2538 1247 2604 quosego

111 2615 269 2703 existimo,
304 2619 433 2683 etiarnsi
466 2621 523 2704 qui
550 2621 615 2704 ipsi
641 2643 741 2706 remp.
771 2643 835 2683 uon
865 2619 1044 2704 gesserint,
1077 2629 1185 2684 tamen
1209 2657 1247 2666 -

110 2716 230 2785 functos
253 2742 324 2785 esse
347 2719 455 2805 aliquo
478 2721 559 2808 reip.
582 2741 725 2784 munere.
755 2721 796 2785 de
825 2721 892 2786 div.
916 2722 945 2800 2,
968 2721 1011 2784 35
1033 2720 1249 2806 existimoque

110 2819 156 2881 ius
173 2829 347 2906 augurum,
371 2822 432 2886 etsi
455 2820 668 2888 divinationis
692 2823 844 2908 opinione
860 2822 1021 2908 principio
1038 2823 1246 2886 constitutum

112 2920 159 3002 sit,
182 2931 287 2988 tamen
309 2932 424 3008 postea
447 2925 526 3010 reip.
550 2945 649 2989 causa
671 2933 898 2988 conservatum
921 2944 959 2987 ac
981 2932 1153 2987 retentum.

190 3075 221 3140 b.
244 3075 586 3162 Nebentempora:
609 3100 639 3162 p.
665 3076 805 3140 Caecina
830 3077 869 3139 12
891 3074 1021 3162 quando
1044 3075 1090 3138 ita
1113 3074 1195 3138 dicis
1218 3083 1250 3139 et

111 3174 155 3239 ita
176 3179 360 3242 constituis:
383 3179 412 3242 ai
434 3175 585 3256 Caecina,
610 3200 681 3243 oum
705 3175 863 3242 infundo
886 3186 983 3259 esset,
1006 3176 1082 3240 inde
1105 3175 1250 3241 deiectus

111 3289 202 3358 esset,
225 3287 293 3344 tum
317 3317 357 3327 -
381 3301 455 3344 eum
477 3281 606 3344 restitui
628 3280 821 3366 oportuisse.
845 3303 876 3365 p.
900 3277 1010 3344 Plano.
1028 3279 1069 3342 36
1092 3280 1179 3343 vinci
1194 3301 1250 3343 au-

110 3386 173 3442 tern
194 3377 357 3468 improbos
380 3402 400 3446 a
421 3378 515 3444 bonis
544 3381 649 3445 fatcor
664 3381 766 3444 fuisse
781 3379 994 3468 praeclarum,
1018 3380 1045 3444 si
1066 3379 1162 3444 finem
1178 3403 1250 3444 eum

110 3480 258 3546 vincendi
281 3481 439 3547 viderem.
463 3482 540 3546 fam.
560 3483 608 3561 15,
630 3485 662 3564 4,
688 3483 727 3544 12
749 3484 843 3548 mitto
866 3481 954 3568 quod
976 3482 1135 3546 invidiam
1158 3519 1198 3529 —
1221 3483 1250 3546 si

112 3601 167 3664 per
187 3605 236 3648 me
257 3583 414 3667 licuisset,
437 3582 547 3647 subire
570 3583 796 3668 paratissimus
819 3583 933 3647 fueris.
978 3581 1052 3645 Liv.
1075 3583 1105 3661 3,
1135 3583 1185 3664 19,
1211 3582 1250 3645 12

112 3695 263 3767 quantum
286 3683 467 3772 periculum
491 3684 533 3749 ab
555 3682 620 3748 illis
642 3685 772 3770 populis
794 3685 909 3766 fuerit,
939 3685 966 3749 si
990 3683 1186 3768 Capitolium
1209 3682 1252 3747 ab

111 3783 257 3852 exulibus
280 3786 451 3852 obsessum
474 3787 620 3869 scissent,
645 3786 804 3873 suspicari
835 3785 875 3852 de
898 3786 1076 3872 praeterito
1098 3807 1194 3870 quarn
1217 3807 1253 3848 re

113 3883 182 3968 ipsa
208 3887 348 3975 experiri
378 3897 429 3952 cst
457 3887 582 3951 melius.
615 3911 646 3972 p.
672 3885 764 3953 Sulla
786 3889 804 3951 7
828 3889 855 3951 si
879 3888 939 3953 hoc
962 3885 1024 3950 tibi
1047 3887 1138 3967 dem,
1165 3887 1253 3973 quod

112 3984 198 4052 credi
218 4011 283 4054 non
305 3998 422 4075 potest,
445 3991 510 4055 aisa
532 4011 592 4074 ego
614 3989 690 4053 hnic
716 3988 864 4054 adessem
872 4041 880 4073 ,
907 3989 965 4054 hos
994 3988 1165 4053 adfuturos
1188 4010 1253 4052 non

114 4083 219 4153 fuisse.
248 4113 279 4178 p.
303 4089 374 4154 Mil.
406 4090 454 4172 18,
482 4092 534 4154 41.
563 4090 641 4155 fam.
671 4093 702 4172 1,
726 4092 755 4169 9,
778 4092 818 4154 21
844 4088 890 4154 de
913 4111 976 4176 quo
999 4090 1047 4153 sic
1069 4088 1167 4153 velim
1190 4099 1253 4154 sta·

73 4231 79 4242 .
115 4199 197 4270 tuas,
218 4213 267 4257 me
289 4191 369 4258 hacc
392 4191 506 4256 eadem
529 4214 699 4256 sensurum
727 4191 840 4272 fuisse,
864 4194 891 4256 si
906 4189 985 4254 mihi
1001 4194 1130 4274 integra
1145 4193 1255 4256 omnia

117 4309 156 4352 ac
181 4289 278 4358 libera
305 4295 455 4358 fuissent.
500 4293 593 4358 Nach
621 4297 677 4358 etsi
704 4293 771 4356 und
794 4295 934 4358 etiarnsi:
967 4291 1060 4355 Verr.
1089 4291 1135 4375 II,
1161 4294 1190 4376 1,
1212 4294 1255 4358 42

117 4411 198 4474 quae
219 4415 273 4457 sua
295 4405 411 4482 sponte
433 4393 593 4460 scelerata
615 4417 653 4460 ao
676 4395 803 4459 nefaria
818 4405 879 4476 est,
901 4403 938 4458 ut
960 4393 1090 4457 etiarnsi
1112 4394 1167 4458 lex
1190 4417 1254 4459 non

118 4501 211 4574 esset,
231 4517 345 4580 magno
368 4517 467 4584 opere
489 4496 626 4561 vitanda
648 4497 757 4561 fuerit.
781 4497 812 4581 3,
836 4497 888 4578 71,
913 4494 983 4562 166.
1008 4491 1049 4558 de
1072 4518 1118 4560 or.
1148 4499 1177 4574 3,
1201 4496 1254 4584 46,

172 4602 301 4658 Dracen.
315 4610 375 4652 litat.
390 4608 479 4660 Syutax
493 4607 515 4650 d.
530 4609 581 4650 Lat.
596 4609 645 4656 Sut-
996 4604 1027 4651 16
1132 4675 1134 4680 ,
