3056 5144
753 391 790 407 .-
835 351 898 424 114
934 329 982 406 ’-

296 531 504 600 magnacum
520 534 609 578 1111.
633 509 785 578 Plautus:
810 533 1017 598 magnacum
1032 528 1120 596 curo,
1136 529 1210 574 cum
1222 531 1300 576 4111
1314 527 1424 596 magna.

296 615 435 680 Terens:
460 636 533 679 cum
557 635 682 678 summo
704 614 836 700 probro.
870 612 1079 678 Namentlich
1100 609 1423 679 111114114411411111

296 718 378 800 sein,
402 739 497 782 wenn
519 716 578 779 der
593 714 730 780 Ablativ
746 715 829 781 ohne
845 715 995 781 Attribut
1010 715 1109 798 steht,
1132 717 1195 780 wie
1210 713 1264 779 bei
1279 714 1422 779 Naevius:

296 841 370 884 cum
393 827 506 906 stupro
529 816 635 882 redire
656 815 701 881 ad
723 839 799 882 suos
821 816 1000 903 popularis.
1043 815 1149 884 Plaut.
1171 816 1262 906 Pers.
1288 815 1345 880 198
1365 814 1424 878 lace

222 936 226 946 ·
297 941 365 984 rem
387 920 471 985 banc
494 941 567 984 cum
590 941 668 982 cura
689 939 794 1004 geras.
825 917 946 1006 Amph.
964 922 992 1001 1,
1011 921 1040 998 1,
1054 917 1095 981 21
1119 939 1192 982 cum
1214 916 1335 983 labore.
1361 915 1424 979 Ter.

297 1021 383 1086 Eun.
407 1019 488 1107 prol.
502 1021 545 1084 44
561 1041 634 1084 cum
657 1019 787 1092 silentio
803 1021 945 1086 animum
961 1018 1130 1086 attendite.
1161 1022 1191 1104 1,
1209 1022 1237 1100 1,
1257 1019 1294 1084 18
1316 1027 1351 1084 ut
1364 1037 1424 1082 eum

295 1125 423 1187 ratione
445 1121 600 1188 insanias.
630 1122 735 1187 Andr.
754 1125 782 1204 1,
803 1124 829 1202 1,
848 1122 909 1186 104
923 1143 996 1186 cum
1012 1121 1165 1208 periculo.
1181 1161 1221 1170 -
1237 1122 1309 1185 Aus
1330 1117 1423 1182 11111-

297 1223 456 1288 sischer
481 1223 549 1286 und
579 1231 767 1310 spltterer
788 1223 879 1288 Zeit:
914 1223 984 1289 Cic.
1007 1223 1103 1288 Verr.
1127 1223 1174 1304 11,
1200 1227 1236 1306 1,
1258 1222 1301 1286 24
1321 1231 1355 1285 ut
1380 1217 1424 1283 illo

295 1325 413 1390 itinere
434 1326 563 1391 veniret
583 1325 798 1411 Lampsacum
827 1345 900 1388 cum
929 1346 1047 1409 magna
1073 1325 1262 1390 calamitate
1284 1333 1316 1388 et
1339 1341 1424 1409 prope

297 1427 441 1514 pernicie
473 1426 618 1491 civitatis
654 1425 722 1510 (dio
751 1425 900 1510 Fulgeu
929 1425 1177 1512 bezeichneud).
1227 1425 1322 1490 Melus
1347 1423 1424 1509 giebt

297 1527 395 1592 Hand
419 1527 586 1607 Γ111111,
610 1525 644 1590 S.
669 1527 740 1592 153.
784 1527 1003 1612 Nothweudig
1031 1530 1092 1594 mit
1112 1548 1200 1594 eum:
1228 1525 1424 1606 (1411.3,2

296 1651 367 1692 curu
392 1628 475 1692 febri
492 1628 622 1694 domum
644 1628 751 1693 rediit.
780 1626 858 1692 Und
873 1650 909 1692 so
925 1629 958 1692 in
974 1629 1033 1693 der
1046 1629 1149 1714 Regel
1164 1628 1219 1694 bei
1234 1627 1422 1706 Klassikern,

297 1751 391 1797 wenn
420 1729 479 1793 der
505 1729 583 1793 Abl.
611 1729 707 1793 keiu
735 1728 924 1794 Attribut
951 1730 1024 1796 bat:
1053 1729 1123 1794 div.
1148 1732 1181 1808 1,
1204 1731 1247 1794 29
1274 1727 1423 1811 multaque

296 1831 405 1895 facere
427 1832 553 1917 impure
569 1839 667 1916 atque
690 1823 789 1912 tetre,
805 1853 878 1895 cum
894 1833 1077 1897 temeritate
1092 1843 1125 1898 et
1143 1831 1352 1919 impudentia.
1378 1828 1423 1892 fin.

297 1933 333 2014 2,
358 1934 396 1996 11
421 1933 534 1996 vivere
562 1953 635 1996 cum
665 1928 883 2016 intelligentia
905 1954 1016 1998 411111
1038 1955 1156 1998 rerum.
1192 1934 1228 2014 3,
1252 1933 1271 1997 8
1294 1931 1423 2010 honeste,

296 2035 331 2098 id
355 2042 499 2098 osteum
523 2034 646 2099 virtute
668 2034 792 2096 vivere.
821 2035 856 2115 5,
882 2034 917 2097 ll
942 2056 983 2098 ne
1011 2057 1086 2100 oum
1114 2033 1226 2101 dolore
1254 2034 1424 2098 moriantur.

297 2136 339 2199 de
361 2157 407 2204 or.
430 2135 466 2216 2,
489 2135 531 2200 85
552 2133 631 2220 quid
654 2156 726 2198 eum
748 2134 830 2218 lide,
859 2134 939 2220 quid
962 2157 1035 2200 cum
1061 2136 1295 2223 aequabilitate
1315 2134 1425 2198 fecerit.

296 2246 377 2305 orat.
392 2237 434 2301 52
456 2244 602 2302 ο111ο141
618 2257 693 2301 cum
708 2237 883 2301 severitate
898 2236 1017 2315 audiri,
1039 2247 1152 2323 poetas
1168 2259 1243 2303 cum
1258 2233 1424 2321 voluptate.

296 2339 349 2404 off.
376 2339 404 2422 1,
427 2338 468 2404 38
491 2339 540 2402 111
562 2337 674 2424 procul
695 2337 799 2420 absit,
828 2359 901 2403 cum
929 2359 994 2424 qua
1019 2337 1102 2404 nihil
1127 2347 1216 2402 recte
1244 2337 1329 2419 lieri,
1354 2333 1425 2400 nibil
1503 2353 1504 2362 ¹

298 2438 501 2504 considerate
523 2447 638 2526 potest.
682 2437 794 2504 Dahin
816 2438 932 2523 gehitrt
954 2441 1053 2506 auch:
1083 2439 1125 2504 ad
1149 2439 1213 2522 Qu.
1237 2440 1277 2504 fr.
1303 2442 1337 2519 1,
1357 2439 1389 2520 2,
1408 2435 1425 2498 2

297 2549 387 2606 oerto
410 2543 495 2606 enim
518 2539 586 2604 seio
609 2547 640 2603 te
662 2538 781 2604 fecisse
803 2559 992 2606 cumcuma
1014 2541 1109 2627 („aus
1130 2551 1233 2626 guten
1249 2539 1425 2618 Griinden“,

297 2651 394 2710 statt:
417 2664 482 2706 nou
497 2641 568 2706 siue
583 2650 705 2722 cansa.)
735 2640 813 2706 Sall.
829 2640 906 2728 Jug.
921 2643 964 2706 54
984 2645 1112 2708 saucios
1134 2663 1205 2707 mm
1226 2663 1305 2708 curo
1325 2639 1425 2706 reficit.

296 2744 372 2810 Liv.
394 2743 447 2826 23,
469 2745 509 2808 31
531 2741 684 2829 prodigia
706 2763 779 2808 cum
802 2764 880 2808 cure
902 2744 1045 2831 expiata.
1089 2744 1184 2808 Eben
1206 2765 1243 2808 so
1265 2743 1317 2827 22,
1339 2742 1387 2824 42,
1399 2741 1424 2806 5.

297 2845 350 2928 38,
376 2846 424 2926 18,
448 2846 465 2909 'l
489 2843 556 2910 und
579 2842 633 2908 bei
655 2843 799 2924 Curtius,
823 2845 948 2910 Seneca
969 2869 1001 2911 1.
1023 2869 1053 2909 1.
1081 2845 1156 2910 Liv.
1172 2845 1203 2930 2,
1218 2846 1260 2910 23
1281 2868 1352 2909 cum
1372 2843 1425 2906 cla·

298 2967 387 3012 more
410 2947 442 3010 in
466 2945 572 3010 forum
595 2945 745 3010 curritur.
776 2946 859 3011 Plin.
882 2965 932 3034 ep.
955 2947 991 3030 2,
1017 2947 1072 3030 13,
1095 2947 1115 3011 8
1137 2945 1226 3031 quod
1248 2965 1425 3034 quamquam

296 3069 394 3135 parce
416 3056 448 3112 ct
470 3069 543 3113 cum
567 3045 695 3112 delectu
718 3047 822 3112 daret.

382 3148 447 3213 Die
469 3148 742 3214 militarisehe
768 3147 1016 3235 Begleitung
1044 3147 1128 3213 wird
1157 3149 1235 3214 bald
1259 3150 1332 3230 mit,
1361 3145 1424 3212 bald

298 3251 384 3315 ohne
404 3271 475 3314 cum
496 3249 697 3320 bezeichuet.
740 3249 851 3317 Ueber
873 3252 997 3317 Caesar
1018 3250 1154 3316 bandelt
1175 3251 1332 3316 Kraner
1352 3248 1381 3314 b.
1401 3269 1424 3310 c.
1501 3303 1502 3308 ,

300 3352 328 3434 1,
349 3352 403 3436 41,
425 3351 456 3414 2.
487 3353 517 3434 2,
544 3353 594 3434 19,
619 3355 709 3415 1.-
735 3351 850 3417 Livius
879 3361 955 3438 sagt
978 3355 1007 3435 l,
1032 3352 1087 3415 14:
1116 3373 1269 3438 egressus
1291 3349 1424 3418 omnibus

297 3452 412 3540 copiis.
441 3453 472 3534 5,
495 3453 537 3518 53
560 3453 588 3518 si
611 3453 674 3516 iam
698 3455 792 3517 novis
816 3454 918 3540 copiis
943 3455 1085 3520 veniant.
1118 3454 1146 3537 1,
1162 3454 1203 3518 37
1221 3452 1350 3518 obviam
1370 3452 1424 3515 iere

297 3554 509 3620 tumultuario
531 3554 646 3620 milite.
675 3555 706 3635 3,
729 3554 771 3618 23
793 3551 917 3640 reliquo
940 3557 1088 3621 exercitu
1109 3553 1199 3620 haud
1220 3553 1334 3642 procul
1354 3571 1423 3616 moe·

296 3655 392 3722 nibus
408 3656 543 3721 Tusculi
558 3654 741 3720 considunt.
767 3655 820 3739 28,
835 3657 877 3721 38
891 3655 1005 3722 decem
1019 3656 1161 3722 navibus
1179 3656 1316 3720 Romam
1330 3652 1423 3720 rediit

297 3759 373 3824 Und
397 3781 433 3824 so
456 3757 550 3824 efter.
593 3756 686 3822 Aber
708 3755 857 3822 derselbe
880 3767 954 3842 sagt
976 3756 1075 3822 auch:
1103 3758 1135 3841 2,
1158 3758 1200 3824 33
1221 3778 1293 3824 mom
1314 3755 1424 3822 delecta
1500 3759 1501 3764 ’

297 3859 437 3924 militum
460 3881 558 3926 manu
580 3895 622 3908 -
643 3880 702 3946 per
723 3867 886 3944 petentem
907 3869 1034 3946 portam
1055 3858 1185 3945 irrupit.
1213 3859 1246 3944 3,
1260 3859 1424 3923 2411111114

297 3983 371 4026 cum
385 3963 533 4026 exercitu
549 3959 663 4025 urbem
684 3959 776 4025 inire.
805 3961 858 4044 21,
873 3960 913 4025 51
930 3981 1004 4026 eum
1020 3962 1166 4026 exercitu
1180 3983 1240 4026 suo
1263 3960 1423 4048 pmfectus.

298 4061 392 4128 Eben
414 4085 450 4128 so
473 4061 504 4144 8,
527 4062 579 4142 37,
602 4061 634 4128 9.
662 4060 715 4144 24,
738 4061 790 4142 30,
816 4064 844 4124 l.
874 4061 925 4142 25,
951 4062 1001 4144 13,
1023 4061 1054 4127 4.
1081 4061 1132 4142 26,
1154 4062 1209 4147 41,
1228 4063 1259 4128 2.
1296 4059 1423 4127 Bellu-

296 4163 381 4249 gabe
404 4165 493 4228 einer
515 4162 725 4227 bestimmten
748 4161 831 4226 Zahl
854 4183 919 4226 von
934 4161 1091 4248 Truppen
1112 4163 1200 4227 steht
1221 4165 1335 4230 immor
1354 4177 1421 4226 eum.

304 4323 308 4330 .
382 4264 477 4329 Aueh
504 4269 537 4328 in
563 4263 740 4349 folgenden
767 4260 987 4328 Ausdrticken
1015 4262 1189 4330 schwankt
1215 4263 1275 4332 der
1296 4257 1420 4352 Sproch·

297 4365 478 4448 gebrauch:
503 4364 571 4430 Cio.
594 4365 635 4430 ad
652 4363 716 4445 Qu.
734 4365 773 4430 fr.
790 4363 821 4450 2,
837 4366 868 4452 3,
883 4363 904 4428 2
925 4363 1075 4452 dixitque
1097 4365 1207 4430 omnia
1227 4376 1325 4454 atque
1339 4364 1420 4428 iuter·

298 4465 376 4536 dum
399 4467 496 4534 ctiam
520 4467 659 4554 silentio,
687 4489 761 4534 cum
790 4466 985 4536 auctoritate
1011 4488 1149 4558 semper.
1182 4467 1275 4534 Caes.
1299 4467 1375 4554 bg·
1396 4461 1420 4548 7,
1495 4507 1497 4514 -
