3068 5138
701 299 931 364 -346-

240 456 271 537 3,
288 453 340 536 25,
356 455 396 519 91
413 452 503 518 aliud
519 452 675 540 quiddam
690 453 795 518 maius
811 461 844 518 et
865 453 998 538 ingenia
1018 475 1072 518 me
1094 452 1264 517 hortantur
1279 460 1393 515 vestra

240 566 273 619 et
295 565 430 620 aetates.
455 555 532 620 Sall.
549 554 625 640 Jug.
640 553 682 619 49
704 575 808 642 pauca
830 551 949 620 milites
973 555 1121 620 hortatus
1144 562 1203 618 est.
1227 552 1296 618 Cic.
1312 552 1392 617 fam.

242 661 273 738 3,
297 659 317 722 3
339 656 464 722 Fabius
488 678 526 720 ea
549 679 600 720 me
615 695 657 702 —
672 659 802 722 monuit.
825 655 867 720 ad
883 658 955 722 Att.
973 657 1023 738 14,
1041 656 1081 720 19
1102 654 1136 720 id
1159 655 1278 741 ipsum,
1301 654 1392 740 quod

243 779 293 822 me
316 780 435 822 mones.
481 757 644 823 Passiv:
674 757 779 824 Plaut.
803 756 905 824 Stich.
931 759 961 839 1,
982 758 1014 841 2,
1040 761 1055 820 1
1085 767 1122 823 ut
1149 765 1319 822 moneatur
1343 754 1389 820 of·

246 861 356 925 ficium
379 881 484 924 suum.
507 858 574 925 Cic.
590 859 631 923 de
654 858 721 924 div.
744 861 775 942 2,
791 859 833 924 32
855 859 934 946 quid
956 881 1097 945 unquam
1120 859 1232 924 moniti
1254 855 1394 923 sumus?

241 960 337 1026 Lael.
360 963 403 1026 24
425 983 462 1025 ea
485 982 567 1047 quae
588 961 631 1024 ab
659 971 776 1026 natura
804 983 981 1026 monemur.
1006 998 1046 1008 —
1068 961 1142 1025 Ter.
1165 959 1283 1026 Heaut.
1306 960 1339 1042 2,
1362 960 1394 1032 3,

245 1064 306 1126 112
334 1072 366 1128 te
394 1063 479 1128 istuc
508 1084 559 1126 mc
587 1064 762 1128 admouere.
801 1063 869 1127 Cic.
892 1061 935 1128 ad
965 1065 1034 1127 Att.
1062 1061 1098 1144 9,
1122 1061 1159 1143 9,
1182 1062 1203 1125 2
1229 1059 1313 1125 illud
1343 1082 1395 1124 me

243 1162 409 1252 praeclare
435 1164 601 1229 admones.
635 1165 677 1228 ad
701 1163 767 1245 Qu.
789 1165 830 1228 fr.
856 1166 890 1244 1,
917 1165 950 1246 1,
975 1164 1013 1227 13
1041 1167 1071 1244 ξ.
1094 1163 1136 1228 38
1164 1161 1222 1227 sed
1249 1172 1283 1226 tc
1312 1160 1395 1226 illud

243 1265 412 1330 admoneo.
456 1267 617 1330 Passiv:
653 1266 707 1330 off.
736 1267 771 1347 2,
802 1265 841 1330 19
874 1263 958 1330 illud
986 1288 1051 1331 non
1080 1273 1157 1329 suut
1183 1262 1394 1330 admonendi.

245 1391 277 1455 p.
302 1366 390 1436 Cael.
413 1369 444 1450 3,
468 1368 488 1432 8
510 1365 592 1433 illud
619 1376 729 1432 tamen
756 1375 789 1431 te
819 1388 889 1431 esse
917 1367 1119 1431 admonitum
1142 1366 1226 1432 volo.
1260 1365 1303 1430 de
1327 1387 1395 1450 rep.

247 1471 281 1550 1,
310 1469 345 1546 9,
379 1469 419 1533 14
447 1478 484 1534 ut
513 1467 637 1555 aliquid
664 1507 706 1516 -
733 1467 976 1532 admoneamur.
1009 1476 1075 1534 nat.
1099 1468 1132 1532 d.
1157 1469 1195 1549 2,
1223 1467 1264 1531 66
1294 1465 1397 1530 multa

247 1578 416 1655 praeterea
444 1572 598 1654 ostentis,
630 1570 733 1637 multa
760 1571 847 1636 extis
880 1569 1102 1636 admonemur.
1147 1569 1241 1634 Eben
1269 1591 1308 1634 so
1337 1568 1398 1631 mit

246 1672 363 1736 maella:
395 1673 479 1737 Plin.
503 1694 553 1758 ep.
576 1673 612 1754 5,
635 1673 673 1754 3,
703 1672 723 1735 9
749 1671 851 1737 multa
878 1672 977 1736 etiam
1005 1694 1025 1736 a
1050 1670 1163 1737 multis
1191 1670 1397 1736 admonetur.

246 1771 322 1836 Liv.
352 1773 394 1836 22
401 1821 411 1855 ‚
437 1773 475 1838 18
483 1821 491 1853 ,
521 1774 561 1836 10
588 1772 667 1837 haec
693 1775 894 1856 praemonito
926 1773 1082 1858 magistro
1114 1772 1268 1859 equitum.
1315 1770 1399 1836 Sehr

247 1871 429 1938 auflallend
457 1877 516 1938 mit
544 1875 649 1938 einem
678 1873 920 1941 Substantiv
953 1875 1001 1940 als
1032 1873 1230 1939 sttchlichem
1257 1872 1395 1960 Object:
1517 1891 1518 1900 ³

247 1973 325 2041 Sall.
355 1975 433 2059 Jug.
462 1977 519 2051 19,
549 1977 565 2038 1
600 1997 670 2039 eam
701 1997 769 2040 rem
797 1997 856 2040 nos
885 1979 974 2041 locus
1007 1975 1178 2040 admonuit
1205 1972 1277 2062 (da.
1309 1973 1397 2057 cip),

248 2075 339 2140 Aber
360 2077 414 2140 bei
436 2097 609 2143 commoneo
631 2077 689 2141 hat
709 2099 772 2141 nur
794 2078 929 2142 Plautus
952 2078 1047 2143 einen
1069 2076 1245 2165 doppelten
1265 2077 1397 2157 Accua,
1517 2117 1518 2132 .

248 2177 301 2242 boi
323 2177 562 2260 cotnmmscfccio
584 2177 756 2246 Niemand.

335 2278 366 2342 d.
402 2279 579 2344 Fordsrn
607 2278 904 2344 undbefehlen.
950 2281 1080 2346 Poscere
1108 2281 1246 2362 aliquem
1275 2279 1400 2361 aliquid
1517 2275 1518 2280 ’

249 2377 337 2443 steht
360 2378 461 2443 schon
484 2381 569 2446 diter
591 2382 643 2446 bei
667 2381 821 2462 Plautus,
850 2382 954 2447 selten
982 2383 1036 2446 bei
1059 2382 1189 2462 Cicero,
1218 2383 1282 2445 wie
1304 2379 1397 2446 Verr.
1517 2403 1518 2462 ξ

250 2479 304 2562 ΙΙ,
330 2482 364 2562 1,
390 2480 439 2545 11.
463 2503 514 2568 cp.
538 2482 590 2546 34.
612 2482 642 2560 4,
670 2482 719 2550 14.
747 2483 830 2548 wird
857 2485 937 2548 aber
963 2484 1113 2569 hdufiger
1140 2484 1193 2550 bei
1221 2481 1286 2546 don
1311 2479 1397 2546 klas-

252 2581 380 2647 sischen
402 2582 577 2668 Dichtern3
608 2593 767 2649 zersueut
791 2585 842 2650 bei
863 2586 938 2650 Liv.
964 2593 992 2667 1,
1015 2586 1058 2649 24
1079 2585 1229 2670 sagmina
1251 2593 1301 2665 te,
1330 2603 1398 2660 rex,
1517 2655 1518 2658 Ἴ

250 2704 360 2770 posco.
394 2685 423 2767 1,
445 2684 487 2748 32
509 2706 567 2771 pro
590 2707 625 2748 se
653 2686 791 2772 quisque
818 2687 946 2771 signum
973 2686 1073 2752 duces
1104 2705 1250 2773 poscere.
1284 2685 1337 2765 21,
1359 2682 1400 2746 24
1517 2679 1518 2708 l

252 2785 360 2850 claves
382 2796 550 2870 portarum
565 2808 637 2851 cum
655 2787 863 2871 magistratus
878 2789 1091 2874 poposcisset.
1107 2825 1150 2835 —
1167 2787 1239 2852 Das
1255 2783 1399 2850 Passiv
1517 2839 1518 2848 ,

252 2887 311 2950 mit
338 2885 411 2950 dem
439 2887 619 2952 Accusativ
648 2886 730 2953 fehlt
762 2887 845 2953 noch
874 2891 928 2954 bei
956 2889 1172 2970 Kla'ssiliern,
1208 2886 1296 2952 steht
1323 2885 1400 2950 aber

253 2987 374 3051 bereits
397 2986 450 3052 bei
473 2988 615 3074 Propera
637 2989 704 3052 und
728 2988 832 3071 Ovid,
862 2989 949 3054 daun
971 2991 1024 3057 bei
1048 2991 1219 3078 Spttteren.
1242 3027 1285 3036 -
1306 2985 1401 3052 Auoh
1517 3047 1518 3054 ,

254 3109 376 3171 reposco
398 3087 454 3153 hat
474 3091 509 3153 in
531 3088 617 3153 allen
640 3089 822 3154 Zeitaltern
848 3093 942 3156 einen
968 3090 1145 3179 doppelten
1166 3091 1301 3171 Accua,
1324 3089 1401 3170 aber

254 3189 313 3254 der
339 3191 460 3256 Aecus.
489 3189 575 3255 beim
605 3191 718 3256 Passiv
745 3193 789 3258 ist
817 3192 1076 3258 nachklassisoh.
1105 3230 1145 3240 —
1173 3193 1248 3258 Von
1276 3209 1400 3274 4120300

254 3291 315 3354 mit
342 3292 424 3354 zwei
452 3291 672 3358 Accusativen
700 3293 802 3359 findet
829 3294 898 3358 sich
926 3317 988 3359 nur
1015 3295 1091 3359 Liv.
1121 3296 1157 3379 1,
1185 3295 1244 3372 40,
1272 3289 1399 3381 nquod

257 3391 335 3456 deos
358 3390 553 3456 immortales
576 3396 661 3458 inter
682 3394 899 3482 nuncupanda
921 3405 998 3460 vota
1020 3395 1209 3484 expoposci.

341 3493 392 3558 Zu
416 3492 582 3559 Postulure
603 3497 691 3560 citirt
713 3519 787 3560 man
807 3519 869 3560 nur
884 3498 937 3561 ein
953 3519 1032 3584 paar
1048 3495 1172 3564 Stellen
1186 3519 1246 3562 aus
1262 3497 1401 3562 Cicero’s
1517 3503 1518 3576 1

257 3594 404 3674 Brielen‚
426 3594 506 3658 aber
528 3617 564 3659 so
585 3597 752 3681 anstttssig
773 3620 841 3662 war
863 3599 952 3664 disse
975 3599 1207 3665 Construction
1230 3599 1295 3664 den
1317 3597 1402 3664 alten

258 3693 521 3779 Herausgebern,
545 3696 620 3761 dass
643 3699 690 3762 sie
712 3697 755 3762 ad
777 3701 847 3768 Att.
869 3700 900 3780 2,
923 3701 952 3778 1,
980 3705 995 3764 1
1020 3700 1200 3786 (orationes
1223 3711 1332 3766 autem
1353 3719 1402 3763 me
1517 3743 1518 3756 .

259 3793 340 3858 duas
363 3796 523 3880 postulas)
546 3817 651 3883 gegen
679 3799 733 3864 die
756 3801 1014 3875 Handschriften
1042 3800 1096 3865 die
1118 3801 1277 3889 Praepos.
1299 3825 1321 3867 a
1346 3821 1402 3867 vor
1517 3807 1518 3832 ³

260 3919 308 3962 me
330 3897 533 3963 einschoben.
550 3937 591 3946 —
606 3899 817 3982 Expostularc
840 3904 921 3968 wird
944 3904 1099 3988 nirgends
1122 3904 1184 3968 mit
1205 3905 1287 3969 zwei
1301 3906 1402 3968 Accu·

260 3999 387 4066 sativen
409 3999 609 4067 verbunden.

345 4100 404 4164 Boi
425 4103 572 4185 dupitare
593 4102 668 4167 sehr
690 4103 808 4169 selten:
832 4105 899 4171 cio.
924 4130 955 4193 p.
977 4107 1089 4170 Plano.
1113 4106 1135 4171 2
1158 4105 1334 4172 dicendum
1356 4110 1402 4168 est
1517 4129 1518 4166 t

263 4199 349 4283 quod
376 4201 431 4265 ille
460 4224 510 4266 me
537 4203 674 4289 flagitat.
709 4206 750 4270 de
772 4229 818 4274 or.
842 4207 871 4285 2,
895 4207 937 4271 45
958 4207 1038 4273 haec
1060 4220 1138 4272 sunt
1159 4207 1228 4289 illa,
1251 4228 1333 4293 quae
1354 4224 1401 4268 me

172 4317 174 4322 ’
264 4299 378 4364 ludens
401 4302 538 4370 Crassus
561 4307 655 4372 modo
679 4307 859 4392 flagitabat.
891 4331 949 4394 pro
972 4309 1067 4374 domo
1090 4311 1110 4374 6
1133 4332 1185 4374 me
1208 4310 1398 4375 frumentum
1517 4297 1518 4376 1

264 4399 443 4488 flagitabat.
487 4406 578 4472 Beim
606 4408 747 4475 Passiv
775 4431 837 4478 nur
859 4412 952 4480 Caes.
976 4411 1006 4478 b.
1028 4435 1057 4476 c.
1083 4414 1116 4498 1,
1140 4412 1181 4478 81
1206 4411 1349 4480 Petreius
1369 4415 1400 4474 ‘ct
