3034 5142
565 371 713 436 -293
759 408 794 418 -

125 523 316 609 Hauptsatze
333 521 406 607 (mit
426 523 481 606 sit)
504 545 555 587 an.
579 524 611 606 3,
634 523 665 605 9,
691 523 731 587 14
753 523 780 587 si
803 524 931 610 quis-
948 523 1067 590 multas
1091 535 1124 589 et
1146 527 1255 590 varias

124 635 230 710 gentes
248 635 281 690 et
303 623 401 690 urbes
423 625 593 710 despicere
615 637 648 691 et
669 624 771 689 oculis
794 624 985 690 collustrare
1008 627 1120 714 possit,
1143 625 1257 691 videat

124 731 251 811 primum
275 765 310 774 —-
337 727 454 794 bovem
476 727 639 813 quendam
655 727 764 813 putari
781 727 888 812 deum,
910 751 1006 814 quem
1021 731 1107 816 apim
1124 730 1256 816 Aegyp-

124 829 157 893 tii
175 832 342 896 nominent.
387 829 456 894 Der
479 827 579 893 letzte
601 827 800 917 Oonjunctiv
822 832 865 894 ist
887 829 1009 894 Zusatz
1038 831 1097 894 des
1120 829 1256 894 Schrift-

124 929 251 1014 stellers,
274 930 373 998 sollte
393 928 462 996 also
484 929 649 996 Indieativ
673 931 755 995 sein.
788 931 1004 1016 Demgemttss
1027 933 1072 996 ist
1088 930 1142 995 die
1156 931 1256 995 hand-

122 1030 316 1096 schriftliche
343 1033 460 1097 Lesart
487 1055 529 1096 zu
555 1032 712 1100 sehuuen
739 1032 793 1098 bei
822 1033 889 1098 Cic.
919 1033 960 1097 de
987 1057 1033 1098 or.
1066 1035 1094 1114 1,
1118 1033 1170 1116 54,
1193 1033 1257 1098 232

122 1133 280 1220 respondit
303 1156 376 1198 sese
398 1135 555 1199 meruisse
577 1144 613 1200 ut
634 1174 676 1183 —
698 1133 923 1223 praeberetur,
953 1137 1008 1221 qui
1039 1136 1139 1200 honos
1170 1135 1257 1221 apud

121 1237 255 1302 Graecos
278 1237 442 1301 maximus
466 1236 642 1301 haberetur
664 1237 729 1320 (wo
751 1259 827 1302 man
842 1237 1010 1302 lalschlich
1034 1239 1166 1302 lus-betur
1189 1259 1257 1301 cor·

119 1339 205 1422 rigirt
226 1338 310 1422 hat).
335 1338 402 1403 div.
428 1340 457 1419 1,
479 1341 511 1418 3,
533 1339 555 1403 5
577 1362 652 1404 nam
675 1362 749 1404 eum
772 1340 922 1406 Socrates
946 1361 1122 1426 omnesque
1145 1339 1258 1404 Socra-

120 1438 170 1504 tici
192 1441 348 1528 Zenoque
371 1450 404 1504 et
425 1441 448 1511 ii
471 1442 525 1525 qui
548 1441 591 1505 ab
614 1462 651 1505 eo
673 1447 771 1507 essent
793 1441 942 1528 profecti,
964 1450 1132 1506 manerent
1154 1442 1189 1504 in
1203 1463 1257 1502 an·

121 1541 274 1628 tiquorum
304 1541 570 1629 philosophorum
600 1544 763 1608 sententia
790 1553 847 1607 ott.
892 1544 936 1608 So
962 1543 1046 1608 auch
1074 1542 1157 1606 nach
1185 1543 1259 1606 dem

117 1642 344 1708 Relativum
365 1642 574 1728 generale:
600 1643 662 1728 leg.
679 1643 768 1710 Man.
790 1646 820 1726 4,
844 1645 935 1732 9qui
957 1653 1081 1732 postea,
1103 1667 1178 1710 eum
1193 1645 1260 1708 ma·

117 1746 216 1836 ximus
238 1746 449 1810 aedificasset
476 1757 689 1833 ornassetque
711 1745 832 1811 classes
856 1747 1083 1833 exercitusque
1112 1767 1260 1832 permag-

117 1869 181 1929 nos,
196 1849 448 1936 quibuscunque
464 1869 504 1914 ex
518 1849 672 1932 gentibus
681 1851 843 1931 potuisset,
860 1859 1082 1936 comparasset
1097 1849 1161 1933 (wo
1177 1846 1262 1912 auch

117 1949 165 2013 die
187 1949 368 2037 Conjeetur
383 1956 487 2034 posset
507 1959 632 2015 unniitz
655 1951 725 2036 ist).

195 2051 226 2115 b.
252 2052 617 2117 Substantivsittze
644 2054 703 2116 mit
730 2057 779 2131 ut,
811 2074 851 2116 nc
878 2052 956 2116 oder
977 2053 1076 2134 quod:
1112 2075 1144 2138 p.
1168 2049 1259 2116 Sulla

117 2151 166 2234 20,
188 2154 228 2218 57
253 2153 326 2218 veri
349 2153 454 2217 simile
475 2177 542 2219 non
563 2162 682 2237 estut,
705 2175 801 2240 quem
816 2155 850 2218 in
866 2153 1017 2218 secundis
1033 2153 1142 2234 rebus,
1166 2174 1261 2236 quem

118 2255 148 2316 in
169 2256 234 2320 otio
260 2276 387 2340 semper
409 2278 519 2320 secum
546 2255 732 2339 habuisset,
760 2255 847 2320 hunc
875 2257 910 2319 in
937 2255 1086 2320 adversis
1113 2265 1147 2319 et
1167 2254 1202 2317 in
1224 2269 1262 2319 eo

119 2355 270 2438 tumultu,
293 2378 388 2442 quem
410 2358 481 2443 ipse
504 2357 722 2443 comparabat,
745 2357 787 2422 ab
811 2379 846 2421 se
863 2360 1029 2423 diruitteret
1052 2357 1156 2439 (nicht
1179 2369 1263 2423 etna

121 2455 310 2523 Potentialis
334 2456 393 2522 der
414 2449 697 2544 Vergangenhcit,
727 2461 789 2524 wie
811 2457 909 2523 Halm
937 2460 1088 2546 erklttrt).
1122 2483 1153 2524 n.
1177 2459 1209 2521 (1.
1232 2459 1264 2542 2,

121 2559 170 2642 16,
195 2560 259 2624 118
281 2581 322 2623 ex
346 2582 409 2645 quo
431 2571 623 2625 eventurum
646 2563 749 2626 nostri
772 2571 889 2649 putant
911 2562 962 2642 id,
991 2563 1117 2648 dequo
1141 2561 1263 2624 Panae-

116 2662 190 2725 tium
223 2661 422 2727 addubitare
449 2660 620 2744 dicebant,
655 2672 692 2727 ut
720 2662 762 2728 ad
792 2673 973 2727 extremum
995 2663 1101 2728 omnis
1123 2661 1264 2726 mundus

118 2762 312 2847 ignesceret,
335 2785 408 2827 eum
432 2774 489 2828 ett.
512 2763 579 2828 div.
606 2767 632 2842 l,
655 2765 708 2845 33,
733 2766 773 2830 72
795 2766 830 2827 in
851 2764 1008 2828 Sisennae
1036 2756 1192 2850 scriplum
1215 2764 1263 2827 hi·

119 2866 217 2930 storia
232 2865 396 2947 videmus,
420 2865 506 2952 quod
522 2875 555 2930 te
570 2867 773 2952 inspectante
788 2867 912 2931 factum
930 2876 991 2948 est,
1014 2875 1074 2947 ut„
1084 2887 1158 2929 eum
1173 2863 1265 2929 Sulla

115 2964 146 3029 in
173 2989 258 3053 agro
280 2967 406 3032 Nolano
435 2966 619 3034 immolaret
647 2977 722 3031 ante
750 2971 967 3054 praetorium,
1001 2967 1043 3062 ab
1075 2967 1187 3030 infima
1209 2988 1265 3030 ara

115 3068 221 3136 subito
246 3071 363 3154 anguis
386 3079 576 3154 emergeret.
610 3067 692 3133 Hier
715 3071 758 3133 ist
778 3085 879 3154 sogar
894 3079 974 3134 statt
989 3069 1046 3134 des
1064 3065 1264 3150 lnfinitivus,

114 3169 170 3234 der
190 3171 253 3236 auf
273 3169 338 3236 den
360 3155 544 3258 llaupt'satz
567 3171 678 3257 folgen
701 3171 807 3265 sollte,
834 3171 888 3236 die
913 3173 1131 3260 Conjunction
1152 3176 1189 3236 at
1209 3192 1265 3254 ge·

116 3272 224 3356 wshlt,
249 3295 312 3337 nur
333 3296 388 3338 um
411 3275 480 3338 sich
502 3295 544 3337 an
566 3271 630 3337 den
653 3275 813 3339 zunttehst
829 3273 1009 3342 stehenden
1026 3273 1103 3339 Satn
1127 3273 1264 3356 (factum

116 3375 177 3460 est)
202 3374 483 3440 anzuschliessen.
516 3375 559 3438 ed
583 3377 646 3456 Qu.
669 3375 710 3439 fr.
737 3377 764 3456 l,
791 3376 926 3457 1545
953 3376 1055 3440 facies
1086 3377 1171 3438 enim
1193 3397 1265 3462 per-

115 3485 223 3560 petuo,
247 3498 333 3563 quae
355 3477 477 3554 fecisti,
500 3487 538 3541 ut
560 3497 671 3542 ornnes
695 3478 891 3563 aequitatem
907 3488 995 3542 tuam
1018 3514 1059 3525 —
1083 3475 1265 3540 laudarent.
1372 3546 1374 3552 ,
1446 3497 1451 3510 ·

118 3577 212 3642 Eben
236 3600 272 3642 so
296 3579 338 3642 de
359 3583 426 3665 rep.
449 3579 480 3662 3,
503 3579 534 3660 3,
557 3582 578 3642 4
600 3580 683 3644 ratio
706 3578 814 3643 civilis
838 3617 876 3627 -
896 3579 1023 3666 perficit
1045 3579 1079 3641 in
1102 3577 1194 3640 bonis
1217 3577 1265 3640 in·

116 3680 235 3762 geniis,
258 3679 294 3743 id
317 3681 404 3766 quod
427 3683 491 3744 iarn
514 3702 672 3767 persaepe
699 3681 850 3767 perfecit.
880 3690 917 3744 ut
945 3677 1148 3744 incredibilis
1171 3701 1266 3766 quae·

117 3781 192 3846 dam
222 3792 256 3846 et
282 3782 398 3846 divina
427 3783 532 3846 virtus
562 3783 746 3848 exsisteret.
798 3785 868 3848 Att.
901 3784 950 3862 ll,
977 3783 1026 3862 nt,
1050 3784 1069 3843 3
1097 3803 1193 3865 quam
1224 3781 1266 3844 ob

121 3905 187 3946 rem
215 3884 303 3946 idem
328 3906 347 3948 a
368 3893 401 3948 te
422 3907 509 3948 nunc
532 3895 621 3970 pcto,
650 3884 737 3971 quod
761 3883 983 3970 superioribus
1008 3881 1139 3970 litteris,
1168 3892 1215 3963 ut,
1240 3885 1267 3946 si

121 3986 201 4070 quid
227 3987 260 4048 in
285 3987 420 4071 perditis
443 3985 541 4049 rebus
565 3985 752 4071 dispiceres,
777 3985 862 4071 quod
885 3984 965 4049 mihi
988 3995 1118 4070 putares
1147 3985 1267 4048 facien-

122 4085 210 4167 ‹lum,
234 4109 286 4149 me
309 4109 465 4152 moneres.
489 4126 528 4134 -—
552 4087 614 4152 Mit
636 4090 720 4168 quod
740 4087 878 4170 „dass“:
902 4108 969 4173 rep.
996 4089 1025 4168 l,
1048 4087 1079 4166 6,
1106 4087 1139 4148 ll
1166 4085 1272 4148 maxi·

119 4210 237 4274 meque
265 4189 327 4252 lroo
354 4193 387 4253 in
417 4189 584 4253 hominum
613 4189 781 4254 doctorum
811 4190 957 4252 oratione
979 4187 1057 4250 milri
1080 4185 1196 4248 mirum
1220 4187 1268 4250 vi-

120 4289 190 4353 deri
223 4290 319 4370 solet,
351 4291 454 4378 quod,
482 4293 539 4378 qui
567 4291 742 4378 tranquillo
771 4291 852 4353 mari
880 4289 1064 4374 gubernare
1093 4309 1127 4351 se
1149 4298 1271 4373 negent

120 4414 228 4476 posse,
251 4392 337 4478 quod
352 4416 413 4457 nec
429 4393 607 4483 didicerint
622 4413 681 4456 nee
696 4414 837 4478 unquam
854 4393 936 4454 seire
949 4391 1148 4472 curaverint,
1171 4389 1269 4454 iidem

120 4493 161 4560 ad
185 4493 408 4579 gubernacula
432 4517 467 4560 se
488 4495 677 4560 aedessuros
701 4495 913 4580 profiteantur
942 4493 1094 4557 excitatis
1117 4491 1268 4555 maximis
1364 4523 1380 4557 o

988 4598 1041 4653 20‘
