3050 5146
737 371 773 381 -
822 335 882 398 rao
924 315 989 383 -'

277 488 438 572 contingit
453 499 486 551 et
500 507 731 572 nonnunquam
749 486 1005 552 uaticinantibus
1022 507 1080 572 per
1095 485 1248 569 furorem,
1269 493 1307 549 ot
1321 485 1416 549 Bacis
1509 475 1510 492 ¹

274 590 439 668 Boeotius,
464 598 500 653 ut
522 586 734 674 Epimenides
751 625 790 635 -
806 590 878 674 (per
900 589 1041 653 furorem
1058 587 1226 652 vaticinati
1242 586 1343 671 sunt).
1366 585 1415 650 off.

277 695 304 772 1,
327 690 377 769 31,
402 692 460 755 111
485 711 536 774 ne,
558 698 595 753 ut
615 689 749 775 quidam
763 687 964 775 (ineuloant),
987 687 1117 754 Graeca
1139 689 1242 753 verba
1255 688 1416 752 111111111-

179 864 180 870 ,
274 803 324 857 tes
354 791 425 856 iure
447 792 568 878 optimo
595 789 810 880 irrideamun
828 789 859 872 2,
884 790 934 872 11),
956 791 999 854 54
1025 789 1086 855 hoe
1108 788 1164 854 ille
1186 787 1253 855 filio
1276 790 1416 875 (praeeo
1509 845 1510 856 ,

274 893 349 980 pn),
373 893 432 957 sed
454 901 665 979 praeceptum
693 901 844 978 putemus
873 892 1034 957 omnibus.
1059 931 1098 942 -
1120 889 1196 955 Vel.
1219 889 1309 954 Max.
1336 890 1368 970 4,
1390 891 1416 968 3,
1509 877 1510 900 ¹

274 996 296 1058 5
318 993 375 1060 M!
398 1006 507 1060 autem
534 993 652 1058 Curius
668 993 864 1084 Samnitium
886 992 1004 1078 legatis
1027 993 1151 1078 agresti
1172 1013 1208 1056 se
1230 991 1264 1074 in
1286 1013 1416 1057 scamno
1509 979 1510 1008 ¹

274 1093 475 1162 adsidentem
499 1095 573 1160 loeo
595 1116 676 1181 eque
698 1094 805 1180 lig-neo
827 1093 936 1159 catillo
958 1102 1128 1159 cenantem
1150 1130 1192 1140 -
1214 1093 1328 1179 quales
1344 1115 1415 1180 epu·

274 1197 321 1261 les
345 1197 543 1280 (cenaverit)
566 1207 743 1282 apparatus
765 1195 887 1260 indieio
910 1205 961 1262 est
977 1233 1013 1242 --
1032 1194 1242 1282 spectandum
1257 1195 1415 1279 praebuit.

275 1298 364 1364 Soet.
388 1297 481 1362 Caes.
505 1296 697 1362 31101111)
721 1297 885 1383 triumpho
908 1298 990 1361 iuter
1012 1318 1150 1384 pompae
1172 1294 1298 1360 fereula
1320 1296 1416 1360 trium

274 1399 449 1464 verborum
471 1396 626 1484 praetulit
648 1398 779 1462 titulum
801 1401 882 1481 ueni,
906 1400 982 1481 eidi,
1005 1401 1066 1463 eici
1088 1418 1151 1462 non
1169 1405 1243 1461 neta
1258 1396 1338 1461 belli
1353 1397 1415 1482 sig-

273 1500 476 1581 nificantem,
500 1501 585 1564 sieut
606 1499 707 1564 ceteri
729 1499 997 1585 (significarunt),
1026 1499 1084 1564 sed
1105 1497 1255 1564 celeriter
1277 1497 1415 1562 conlecti

274 1612 395 1668 notam.
438 1601 517 1666 'Pae
540 1623 615 1666 ann.
642 1600 692 1683 12,
715 1600 733 1664 7
752 1600 898 1672 feminee
919 1601 1140 1667 oboediebent
1159 1623 1224 1664 non
1246 1621 1305 1685 per
1323 1599 1416 1665 lasei-

222 1714 226 1722 ’
274 1705 381 1786 viem,
410 1713 447 1768 ut
467 1702 645 1768 Messalina
667 1701 860 1788 (illuserat),
889 1701 986 1766 rebus
1008 1701 1165 1768 Romanis
1191 1701 1355 1766 illudenti.
1380 1738 1416 1750 ·-

274 1806 338 1870 Die
361 1804 501 1887 Stellen,
530 1826 581 1869 wo
609 1803 807 1888 umgekehrt
834 1803 885 1869 ein
914 1803 1058 1890 Par-tieip
1086 1803 1143 1868 des
1171 1803 1332 1868 Praesens
1360 1825 1414 1868 nus

274 1909 378 1972 einern
402 1904 632 1992 Hauptmodus
654 1927 696 1968 zu
718 1913 881 1989 ergdnzen
903 1906 956 1986 111,
979 1904 1053 1970 sind
1082 1903 1316 1970 bedenklieher
1338 1906 1413 1969 Art:

274 2009 345 2074 Cio.
367 2019 449 2074 orat.
481 2007 530 2090 10,
559 2007 601 2072 34
628 2027 705 2091 ergo
731 2005 882 2086 omnibus
911 2007 1007 2071 terris
1036 2010 1093 2088 (se.
1121 2006 1270 2072 incendio
1302 2006 1413 2071 erden·

272 2112 378 2196 tibur)
405 2132 472 2174 una
493 2107 604 2173 Gallia
630 2108 794 2172 communi
821 2129 887 2172 non
909 2107 1003 2173 ardet
1030 2107 1193 2174 incendio.
1237 2109 1340 2173 Diese
1362 2106 1413 2172 El·

274 2215 356 2297 lipse
379 2213 421 2276 ist
442 2211 521 2275 eber
542 2232 578 2274 so
600 2208 768 2292 1111111111,
791 2209 867 2274 dass
893 2209 1021 2274 Piderit
1044 2209 1103 2273 mit
1128 2208 1234 2274 Reeht
1257 2208 1313 2274 die
1335 2212 1413 2276 Con·

270 2315 380 2399 jectar
402 2310 559 2376 Lambins
588 2299 725 2396 (11111
753 2311 916 2396 omnibus)
938 2310 1189 2395 anigenommen
1215 2311 1283 2377 hat.
1329 2310 1412 2376 Flor.

273 2415 304 2495 2,
328 2415 358 2494 7,
381 2413 401 2477 8
424 2411 561 2478 aderant
581 2412 713 2493 Rhodii,
736 2413 886 2478 narniens
908 2410 1059 2499 populus,
1082 2411 1201 2497 quibus
1217 2435 1237 2477 a
1252 2413 1336 2477 mari
1357 2413 1413 2498 (se.

273 2517 382 2578 omnia
409 2514 663 2600 quatientibus),
696 2514 809 2580 consul
839 2537 859 2578 a
889 2515 984 2578 terris
1012 2514 1122 2582 omnia
1150 2515 1243 2599 equis
1272 2515 1413 2601 virisque

273 2615 452 2701 quatiebat.
496 2615 587 2680 Mms
609 2637 683 2680 rnen
706 2614 797 2680 nieht
817 2617 873 2698 qni
895 2624 975 2682 statt
995 2616 1108 2697 quibus
1130 2613 1327 2680 schreiben?

359 2739 388 2781 1.
411 2717 612 2802 Ergdneung
647 2719 735 2783 eines
766 2717 996 2803 Hauptmodus
1028 2739 1086 2783 aus
1119 2717 1192 2780 dem
1220 2716 1412 2783 Infinitiv

273 2817 332 2882 des
355 2819 513 2883 Praesens
535 2819 602 2884 und
624 2817 830 2904 umgekehrt.
867 2818 1017 2883 Ersteres
1039 2818 1164 2883 kommt
1181 2818 1331 2883 ziemlich
1353 2818 1410 2883 sel·

274 2929 328 2984 ten
351 2941 427 2984 vor:
451 2919 519 2988 cie.
542 2921 628 2986 Phil.
651 2921 683 3003 2,
705 2921 759 3003 21,
781 2920 821 2985 67
845 2918 941 2984 urbes
969 2929 1002 2984 et
1029 2941 1132 3005 regna
1153 2920 1304 2986 eeleriter
1324 2929 1412 2986 tenta

274 3023 420 3108 nequitia
442 3021 599 3087 devorare
621 3023 790 3109 potuisset.
826 3021 873 3086 At
894 3020 979 3086 idem
1003 3021 1100 3086 aedes
1124 3023 1221 3087 etiarn
1244 3031 1277 3087 et
1306 3024 1410 3087 hortos

255 3124 484 3209 ⁴(devoravit).
527 3123 626 3189 Tuse.
655 3124 685 3204 2,
713 3123 766 3203 21),
794 3122 831 3187 61
864 3123 1028 3188 Zenonem
1056 3124 1278 3208 significabat,
1306 3145 1411 3208 equo

273 3223 365 3288 illum
387 3225 586 3308 degenerare
609 3223 750 3306 dolebat.
794 3226 923 3288 Arnon
950 3235 1061 3290 noster
1082 3225 1277 3291 Posidonius
1303 3225 1410 3311 (dege-

274 3327 427 3409 nerauit).
451 3349 482 3412 p.
506 3327 661 3392 Deiotaro
683 3327 715 3408 2,
738 3328 759 3389 4
781 3349 844 3390 uon
868 3327 953 3389 enim
976 3336 1041 3390 tam
1071 3328 1185 3404 timeo,
1215 3326 1294 3410 quid
1316 3337 1350 3392 tu
1370 3325 1411 3390 de

273 3449 350 3512 rege
373 3427 529 3491 Deiotaro
557 3427 711 3512 (iudices)
738 3449 834 3515 quem
863 3425 1026 3512 intelligo,
1060 3427 1140 3516 quid
1167 3428 1209 3494 de
1236 3439 1269 3494 te
1290 3436 1410 3493 eeteros

274 3527 356 3594 velis
377 3527 534 3594 iudicare.
558 3530 598 3594 de
620 3552 665 3596 or.
690 3532 720 3610 1,
743 3529 785 3594 60
800 3551 875 3602 nam
890 3528 977 3616 quod
992 3529 1075 3594 dieis
1091 3539 1287 3598 senectutem
1303 3526 1410 3595 asoli-
1509 3511 1510 3539 ¹

273 3632 386 3695 tudine
407 3631 567 3696 vindicari
590 3633 668 3695 iuris
691 3631 799 3696 eivilis
822 3631 967 3712 seientia,
989 3630 1130 3698 fortasse
1145 3634 1244 3696 etiam
1259 3631 1411 3718 pecuniae
1509 3691 1510 3710 ,

273 3733 496 3816 magnitudine
519 3733 742 3816 (vindicatur).
786 3733 879 3798 Leet.
902 3733 935 3816 2,
957 3732 989 3814 4,
1012 3726 1054 3795 24
1077 3741 1184 3818 potest
1206 3733 1239 3802 id
1262 3732 1312 3802 vel
1333 3752 1410 3796 enee
1509 3711 1510 3768 3

273 3835 440 3914 accidisse,
463 3835 547 3920 quod
572 3833 758 3922 aliquando,
782 3857 846 3899 uon
869 3855 996 3921 semper
1017 3835 1176 3918 (oceidit).
1221 3835 1290 3900 Der
1311 3835 1409 3898 Con·
1509 3851 1510 3860 ¹

268 3935 431 4021 junctiv
460 3937 504 3999 ist
529 3958 570 3999 zu
593 3945 770 4020 ergttnzen:
798 3936 869 4000 011.
892 3936 959 4001 div.
986 3938 1014 4018 1,
1037 3937 1076 4000 51
1106 3938 1254 4019 prolecto
1277 3935 1408 4002 homini·
1509 3911 1510 3980 ]

275 4037 334 4100 bns
357 4058 377 4098 a
399 4033 462 4100 diis
484 4037 597 4101 futura
617 4037 795 4122 significari
817 4059 950 4104 neeesse
972 4047 1036 4120 est,
1067 4036 1125 4102 sed
1147 4036 1408 4124 distinguendum
1509 4061 1510 4128 ζ

275 4137 420 4217 videtur,
448 4160 586 4223 quonam
615 4139 713 4204 modo
736 4138 1000 4224 (significentur).
1044 4139 1247 4225 Vertlitohtig
1273 4139 1314 4204 ist
1332 4137 1408 4200 Liu.
1509 4131 1510 4138 '

272 4239 324 4318 34,
346 4239 399 4318 31,
427 4242 438 4302 1
465 4241 511 4304 ibi
533 4240 690 4326 permisso
712 4251 760 4321 ut,
783 4263 839 4306 seu
861 4241 968 4306 dicere
983 4243 1074 4328 prius
1090 4265 1147 4306 seu
1161 4241 1274 4308 audire
1288 4237 1408 4318 mallet,
1509 4317 1510 4328 ἶ

273 4321 320 4405 ita
341 4343 447 4426 eoepit
470 4351 640 4426 tyrannus.
684 4341 729 4406 Es
751 4344 793 4408 ist
816 4365 856 4406 zu
879 4344 970 4424 hart,
999 4341 1070 4406 hier
1091 4345 1174 4408 nach
1195 4339 1408 4436 1111111111-

268 4443 420 4534 junetive
447 4443 590 4527 (erudiret
615 4454 671 4508 aut
699 4445 835 4530 diceret)
867 4467 906 4508 zu
936 4453 1113 4530 ergdnzem
1148 4444 1301 4512 vielmehr
1327 4439 1408 4506 uird
1509 4525 1510 4532 ἵ
