3050 5146
724 363 956 430 -166-

270 515 466 597 ἐπεισόδου,
496 515 537 584 ὃν
564 514 635 602 μήτ’
659 508 815 604 ὀκνεῖτε).
860 517 925 582 Ad.
948 518 980 596 5,
1001 519 1034 599 4,
1048 517 1097 580 ’27
1121 514 1155 580 id
1177 536 1249 580 mea
1271 514 1416 577 minume

269 619 408 704 refert,
438 623 494 707 qui
522 643 594 685 sum
623 630 701 683 natu
731 640 912 685 maxumus.
935 655 977 666 -
999 620 1126 683 Ausser
1147 615 1210 682 den
1232 613 1419 680 Komikern

270 723 353 788 auch
377 723 475 788 Cato
497 744 524 786 r.
547 744 574 786 r.
596 743 625 787 c.
652 721 689 784 16
712 718 862 785 dominus
885 719 1038 805 lapidem,
1062 718 1152 804 ligna
1173 717 1216 782 ad
1238 717 1418 797 fornacem,

270 825 356 910 quod
379 845 460 910 opus
484 825 557 904 siet,
581 821 727 909 praebet.

355 925 498 989 Cicero
527 924 583 990 hat
606 923 696 989 disse
720 923 951 990 Construction
974 921 1098 989 sowobl
1127 922 1181 986 bei
1203 921 1418 985 Demonstra-

270 1028 349 1092 tivis
370 1027 419 1090 als
442 1025 524 1090 auch
547 1025 601 1091 bei
623 1024 803 1090 Relativis:
833 1024 931 1090 Tusc.
958 1028 985 1108 1,
1009 1024 1051 1088 24
1072 1045 1168 1110 quam
1192 1023 1290 1104 vitis,
1320 1041 1420 1107 quam

269 1128 413 1210 arboris,
429 1127 509 1192 hacc
521 1127 607 1192 enirn
621 1127 719 1191 ctiam
732 1126 870 1192 dicimus
880 1127 992 1190 vivere
1004 1121 1420 1210 (,‚dergleiclrenDinge“).

269 1232 300 1310 2,
329 1230 349 1294 3
377 1238 414 1293 ut
442 1226 610 1293 Platonem
638 1227 845 1314 reliquosque
873 1227 1057 1293 Socraticos
1087 1263 1129 1274 —-
1152 1225 1266 1310 legunt
1293 1244 1421 1301 omncs,

200 1393 203 1398 .
271 1331 368 1396 etiarn
396 1331 454 1416 qni
482 1327 538 1393 illa
565 1366 608 1376 -
629 1350 694 1393 non
722 1329 907 1415 approbant
934 1329 970 1412 (i.
1001 1349 1029 1392 e.
1058 1326 1115 1391 illa
1143 1327 1282 1412 quaein
1307 1345 1421 1390 eorum

269 1431 363 1496 libris
386 1433 518 1508 insunt).
541 1430 572 1512 2,
595 1429 637 1494 26
659 1430 741 1495 haec
765 1429 834 1510 (auf
852 1429 1025 1496 honores
1054 1428 1222 1514 beaugen).
1256 1427 1287 1508 3,
1310 1427 1334 1490 4
1357 1423 1423 1488 ior-

270 1533 420 1613 midines,
444 1530 610 1611 libidines,
626 1531 837 1596 iracundiae?
860 1531 941 1596 haec
956 1533 1041 1596 enim
1057 1530 1127 1594 fere
1141 1538 1217 1593 sunt
1231 1529 1303 1592 eius
1319 1525 1421 1604 modi,

270 1654 353 1719 quac
374 1643 431 1697 ctt.
462 1633 568 1717 Sogar
589 1632 624 1694 in
639 1631 829 1698 demselben
844 1633 957 1699 Sotae:
980 1633 1048 1697 div,
1075 1635 1103 1713 1,
1125 1631 1168 1696 53
1183 1651 1294 1694 carum
1312 1649 1421 1692 rerum

269 1744 442 1821 utrumque
465 1757 486 1798 a
506 1733 604 1799 corde
627 1733 854 1820 proficiscitur.
871 1771 911 1782 -
927 1732 1037 1800 Selten
1060 1731 1242 1816 gebraucht
1257 1751 1293 1793 er
1308 1721 1348 1793 so
1363 1727 1422 1792 das

270 1835 435 1900 Relativ
458 1837 502 1899 im
518 1835 696 1899 Neutrum:
719 1833 761 1898 de
776 1835 832 1899 fin.
855 1836 887 1917 5,
910 1836 949 1900 21
974 1833 1106 1900 virtutis
1129 1833 1216 1898 enim
1238 1831 1424 1916 beataeque

269 1937 371 2019 vitae,
393 1958 477 2023 quac
499 1935 563 2000 duo
585 1937 728 2000 maxime
751 1935 936 2022 expetenda
958 1946 1045 2017 sunt,
1068 1934 1173 2000 serius
1188 1933 1301 1998 lumen
1322 1953 1422 2018 appa·

270 2049 329 2103 ret.
352 2061 384 2105 n.
408 2038 439 2102 d.
463 2038 493 2118 3,
516 2038 558 2101 24
581 2036 744 2102 fortunam
768 2059 861 2101 nemo
884 2036 927 2102 ab
949 2037 1170 2103 inconstantia
1185 2044 1218 2100 et
1233 2035 1423 2099 temeritate

270 2140 437 2224 seiunget,
468 2159 552 2224 quae
584 2137 686 2222 digna
713 2148 801 2203 certe
823 2161 888 2203 non
917 2149 994 2203 sunt
1016 2137 1088 2204 deo.
1124 2137 1167 2202 ad
1190 2135 1268 2201 fam.
1291 2135 1326 2217 2,
1351 2135 1424 2216 8,2

270 2239 474 2304 sermonibus
497 2261 643 2324 —quae
672 2261 732 2304 nec
760 2249 897 2326 possunt
925 2237 1025 2304 scribi
1053 2259 1113 2302 nec
1135 2235 1314 2303 scribenda
1336 2245 1424 2300 sunt.

270 2339 433 2404 Aebnlich
462 2339 516 2404 die
537 2341 758 2426 Conjunction
788 2363 865 2422 qao:
899 2341 993 2405 Verr.
1015 2341 1048 2423 4,
1074 2341 1113 2405 18
1135 2323 1305 2405 Diodbrus
1335 2335 1424 2424 apud

270 2463 341 2524 eos,
369 2463 433 2527 quo
455 2443 509 2523 (ε
524 2441 566 2505 ad
589 2443 685 2526 quos)
712 2462 748 2506 se
776 2443 929 2525 contulit,
961 2440 1152 2528 splendidus
1180 2450 1214 2505 et
1239 2440 1422 2524 gratiosus.

272 2541 346 2606 Wie
368 2542 423 2606 die
445 2542 616 2624 Komiker,
640 2543 772 2608 beaieht
793 2564 828 2607 er
850 2544 909 2608 das
924 2541 1092 2608 Mascul.
1116 2540 1174 2608 des
1197 2540 1352 2608 Relativs
1368 2539 1428 2604 auf

269 2642 456 2708 neutrale
479 2642 710 2708 substantiva:
735 2644 828 2708 Verr.
851 2644 883 2728 2,
907 2645 948 2709 32
963 2645 1051 2731 quod
1073 2665 1215 2730 unquam
1231 2639 1425 2706 huiusmodi

271 2755 451 2810 monstrum
478 2753 535 2808 aut
563 2744 747 2831 prodigium
778 2745 964 2810 audivimus
993 2757 1052 2810 aut
1073 2746 1233 2828 vidimus,
1265 2745 1424 2830 quicum

269 2867 325 2911 reo
349 2845 521 2930 transigat,
545 2855 713 2932 postcom
737 2857 924 2912 accusatore
947 2846 1102 2912 decidat?
1124 2870 1156 2930 p.
1180 2846 1266 2912 sest.
1294 2847 1332 2909 11
1359 2845 1425 2908 duo

270 2947 455 3032 importuna
482 2946 648 3032 prodigia,
684 2969 765 3034 quos
793 2957 922 3032 egestas
952 2951 996 3031 (es
1025 2946 1111 3033 folgt
1137 2946 1221 3012 noch
1251 2946 1326 3011 drei
1356 2943 1425 3010 Mal

270 3049 360 3133 quos)
383 3047 567 3115 addixerat.
612 3047 723 3114 Etwas
747 3048 958 3114 abweiohend
986 3047 1094 3116 (lael.
1116 3070 1169 3135 ap.
1192 3047 1262 3112 Cic.
1287 3046 1370 3112 fam.
1394 3047 1424 3126 8,

269 3152 300 3230 4,
324 3149 344 3212 2
365 3150 399 3212 ἰιι
420 3149 585 3214 evitandis
608 3149 649 3214 iis
674 3151 728 3231 (st.
744 3151 870 3234 eorum)
893 3149 1051 3230 consiliis,
1075 3151 1130 3236 qui
1152 3171 1188 3214 se
1210 3148 1426 3213 intenderant

270 3249 487 3314 adversarios.
526 3249 589 3314 Mit
604 3248 750 3314 Unrecht
771 3251 816 3316 ist
837 3248 972 3315 letaterc
988 3249 1090 3316 Stelle
1105 3249 1329 3314 beanstandet
1344 3270 1424 3314 wor-

271 3349 352 3432 den3
381 3351 429 3413 sie
452 3349 633 3437 entspricht
654 3351 713 3415 der
735 3350 1076 3435 Relativverbindung
1104 3351 1164 3416 mit
1185 3371 1223 3416 ea
1245 3371 1280 3415 co
1302 3371 1425 3434 ymera,

270 3471 308 3516 ca
330 3473 363 3515 eo
385 3471 526 3532 attnsero,
551 3450 673 3516 welche
696 3455 725 3532 §-
752 3451 813 3516 100
833 3473 891 3516 aus
915 3450 1031 3517 Cicero
1055 3451 1230 3536 angeflihrt
1252 3452 1310 3516 ist.

356 3552 467 3616 Caes.
492 3551 524 3616 b.
546 3574 579 3637 g.
605 3555 633 3633 l,
655 3553 708 3633 44,
731 3553 944 3617 bamicitiam
959 3553 1072 3640 populi
1089 3553 1227 3619 Romani
1245 3553 1315 3619 sibi
1332 3575 1424 3618 orna·

271 3664 380 3718 mento
403 3691 444 3700 —
467 3675 537 3717 esse
560 3663 720 3740 oportere,
743 3654 842 3741 idque
864 3675 900 3717 sc
922 3674 962 3717 ea
983 3675 1041 3739 spe
1057 3654 1180 3741 petisse
1202 3654 1262 3740 (ist
1286 3650 1346 3720 ἆπ.
1364 3656 1425 3736 sip.

272 3750 330 3817 des
352 3755 475 3819 Caesar
498 3754 563 3818 und
588 3757 679 3820 nicht
701 3777 741 3820 au
764 3753 1040 3840 entsohuldigen).

357 3853 450 3918 Sall.
480 3855 552 3920 Cat.
582 3857 602 3920 3
639 3855 778 3922 audacia
805 3855 935 3939 largitio
967 3856 1107 3921 avaritia
1135 3856 1308 3941 vigebant.
1341 3881 1424 3946 quae
1520 3928 1521 3945 ,

271 3955 402 4018 tametsi
423 3955 549 4020 animus
571 3956 819 4041 aspernabatur.
843 3956 885 4021 56
907 3956 1032 4022 interea
1053 3957 1189 4020 servitia
1211 3959 1424 4044 repudiabat,

238 4097 245 4106 ·
272 4054 363 4118 cuius
392 4056 487 4119 initio
520 4055 562 4120 ad
586 4079 659 4121 eum
681 4079 822 4142 magnae
848 4057 960 4143 copiae
983 4057 1231 4124 concurrebant.
1277 4059 1361 4146 Jug.
1384 4063 1437 4124 41·

272 4157 475 4221 abundantia
502 4179 615 4221 earum
644 4178 768 4239 rerum,
796 4179 879 4245 quae
908 4160 1013 4245 prima
1040 4157 1191 4224 mortales
1221 4159 1362 4228 ducunt.
1385 4161 1425 4225 95

271 4273 345 4320 cum
375 4277 493 4339 magno
522 4259 667 4343 equitatu
696 4259 730 4322 in
758 4260 990 4341 castraverit,
1018 4261 1106 4346 quod
1129 4259 1217 4344 (cod.
1240 4260 1361 4345 Paris,
1382 4259 1423 4324 al.

272 4357 381 4441 quos).
408 4356 469 4420 100
491 4357 647 4440 futurum,
671 4381 754 4445 quac
776 4361 1005 4446 imperavisset
1026 4361 1103 4444 (soll
1118 4361 1339 4452 aichaistisch
1355 4365 1424 4428 sein

270 4464 352 4522 sart
379 4457 464 4540 sore,
496 4459 577 4522 nach
601 4458 687 4524 Gell.
720 4465 746 4540 l,
777 4460 817 4541 7).
846 4459 995 4545 t'rgm23,
1018 4461 1068 4546 81,
1094 4464 1133 4528 15
1160 4462 1275 4528 virilia
1301 4464 1363 4530 illa
1386 4499 1424 4510 -
