3050 5146
569 377 717 447 -243
762 417 800 430 -

14 551 15 556 ’
126 537 185 603 tion
206 533 286 602 doch
314 537 406 600 mehr
427 535 531 600 Reum
560 545 716 621 gestattet
742 537 809 601 und
834 535 938 602 bildet
958 533 1043 602 auch
1064 537 1169 601 hierin
1192 532 1256 602 den

14 627 15 640 ¹
126 639 311 724 Uebergang
333 659 408 702 aum
431 636 595 702 silbernen
616 637 744 702 hatein.

201 740 315 806 Velle
322 743 386 828 jus
411 741 439 821 1,
461 738 491 820 9,
515 739 535 800 2
557 737 639 802 adeo
661 741 755 804 varia
770 740 902 804 fortuna
916 739 1116 814 conflixerat,
1139 739 1256 827 utple-

126 863 250 928 mmque
272 841 420 927 superior
441 840 540 904 luerit
556 861 772 928 magnamque
787 852 913 928 partem
929 841 1088 908 Graeciae
1104 844 1138 907 in
1156 843 1257 908 socie-

126 953 214 1008 tatem
236 965 327 1007 suam
350 942 552 1028 perduceret.
575 946 606 1023 ξ.
630 942 651 1005 6
673 943 766 1007 cuius
782 953 908 1008 tantum
923 945 1048 1030 priores
1064 945 1258 1009 excessit-

125 1055 156 1108 ut
176 1045 315 1109 omnium
339 1051 414 1106 ante
437 1054 583 1108 actorum
606 1045 881 1131 comparationem
905 1044 1118 1133 amplitudine
1132 1046 1259 1110 vicerit.

14 1165 15 1170 ¹
127 1147 150 1225 1,
174 1146 220 1229 13,
242 1146 262 1209 3
285 1144 447 1210 hahuerit.
476 1146 507 1225 2,
530 1143 582 1229 25,
604 1145 625 1208 2
652 1146 764 1209 fuerit.
793 1146 823 1227 2,
853 1147 905 1228 30,
928 1147 948 1210 6
976 1148 1199 1235 opposuerint.
1228 1147 1259 1230 2,

126 1246 177 1328 90,
211 1248 231 1311 3
266 1247 419 1334 potuerit.
471 1244 519 1309 Im
553 1247 758 1332 Hauptsatze
795 1247 881 1311 steht
917 1248 1032 1312 immer
1069 1251 1146 1314 adeo
1180 1249 1261 1315 oder

14 1361 16 1384 ³
124 1353 247 1412 tantam

201 1449 389 1514 Valerius
411 1449 608 1514 Maximus
630 1450 661 1530 2,
684 1450 715 1532 2,
738 1451 760 1513 4
781 1452 837 1536 qui
859 1473 928 1516 mos
950 1449 1032 1514 adeo
1051 1452 1261 1535 pertinaciter

124 1560 260 1615 retentus
283 1559 344 1632 est,
366 1559 403 1614 ut
425 1549 468 1630 Q.
491 1551 648 1614 Fabimus
671 1551 901 1616 Maximus-
927 1574 947 1614 a
968 1551 1036 1615 filio
1059 1551 1190 1616 consule
1211 1554 1259 1616 in-

125 1652 239 1716 vitatus
261 1662 299 1716 111
319 1653 404 1717 inter
426 1673 460 1716 se
483 1662 516 1715 ct
536 1650 684 1717 lictorem
706 1653 907 1740 procederet,
931 1691 971 1700 —
994 1652 1028 1716 id
1044 1651 1153 1717 facere
1168 1653 1260 1718 nolu-

125 1753 192 1817 erit.
213 1753 243 1835 2,
266 1755 297 1837 2,
321 1754 340 1818 8
368 1751 574 1840 persolutum
598 1755 649 1819 sit.
671 1755 702 1838 3,
725 1755 745 1819 3
776 1763 841 1819 ext.
863 1755 884 1818 2
913 1755 1104 1841 speraverit.
1133 1757 1164 1838 4,
1188 1756 1262 1837 ab

124 1853 327 1923 dubitaverit.
349 1854 382 1936 4,
404 1855 436 1936 4,
461 1857 502 1919 10
524 1855 597 1918 visa
619 1856 664 1918 sit
685 1893 726 1902 —
748 1857 921 1920 invenerit.
943 1857 974 1938 4,
998 1858 1100 1920 16111.
1127 1859 1138 1919 l
1166 1855 1261 1921 dubi-

125 1958 207 2020 tarit.
233 1958 265 2039 5,
292 1959 314 2021 4
340 1965 407 2024 ext.
435 1958 453 2021 'l
483 1956 638 2042 rapuerit.
667 1957 696 2038 6,
726 1957 756 2038 7,
782 1959 796 2019 1
828 1956 1095 2022 dissimulaverit.
1124 1958 1154 2038 ’1,
1183 1959 1213 2038 5,
1244 1961 1259 2022 1

124 2056 243 2122 abierit.
273 2059 302 2136 8,
328 2061 344 2121 1
368 2056 470 2121 absol.
501 2059 541 2121 10
562 2059 714 2143 potuerit.
743 2058 816 2139 8,1
846 2066 912 2122 ext.
939 2059 962 2121 4
988 2060 1139 2144 potuerit.
1168 2059 1198 2139 8,
1224 2059 1263 2122 12

125 2160 227 2222 61112
249 2158 412 2224 tribuerit.
441 2159 471 2241 8,
502 2159 540 2222 13
568 2168 635 2222 ext.
668 2161 681 2223 l
711 2161 883 2244 generarit.
912 2159 944 2242 8,
969 2162 1009 2224 15
1031 2169 1097 2223 ext.
1121 2159 1142 2222 2
1163 2181 1262 2225 ausus

125 2261 223 2338 1119,
249 2261 299 2346 14,
320 2263 342 2324 2
364 2261 515 2326 valuerit.
560 2259 622 2325 Mit
645 2259 937 2348 periphrastischer
959 2260 1072 2328 Form:
1100 2261 1130 2342 5,
1153 2262 1173 2326 3
1196 2271 1262 2326 ext.

124 2361 144 2425 3
164 2361 305 2428 habituri
327 2361 461 2426 luerint.

204 2465 266 2529 Die
288 2464 380 2529 Rede
403 2464 460 2528 des
483 2463 621 2528 Kaisers
644 2463 839 2529 Claudius
863 2465 923 2529 auf
935 2464 998 2529 den
1013 2464 1146 2550 Lyoner
1160 2466 1262 2529 Bron-

126 2565 257 2630 cetafelu
280 2565 351 2631 Col.
376 2570 406 2648 1,
430 2567 468 2634 Z.
490 2565 511 2629 9
539 2587 756 2652 supervenere
778 2565 877 2630 alieni
905 2577 937 2630 et
965 2566 1098 2652 quidam
1125 2567 1263 2649 externi,

125 2677 159 2730 ut
179 2667 284 2732 Numa
305 2667 444 2732 Romulo
465 2669 661 2732 successerit
683 2689 724 2733 ex
747 2667 879 2732 Sabinis
901 2669 1047 2732 veniens.

205 2768 369 2834 Curtius
398 2769 469 2850 hat,
497 2769 560 2834 wie
581 2767 747 2856 Vellejus,
775 2768 820 2831 im
842 2767 1050 2856 Hauptsatze
1077 2777 1159 2833 stets
1187 2769 1264 2832 adeo

127 2869 201 2934 oder
221 2877 343 2936 lautus:
366 2872 397 2954 3,
419 2871 448 2952 6,
475 2871 515 2934 14
535 2879 627 2935 tanta
649 2869 699 2935 vis
721 2869 948 2934 medicaminis
964 2870 1026 2932 suit
1042 2879 1087 2952 111,
1110 2889 1193 2955 quac
1216 2891 1263 2933 se·

127 2981 198 3037 cuta
218 2983 304 3055 sunt,
327 2973 584 3037 criminationem
607 2971 830 3036 Parmenionis
862 2969 1060 3035 adiuveriut.
1093 2973 1124 3053 3,
1151 2970 1200 3053 12,
1223 2970 1265 3032 22

128 3075 288 3160 coniugem
333 3073 479 3140 eiusdem
521 3074 602 3138 adeo
647 3076 718 3160 ipse
758 3096 823 3139 non
859 3073 998 3145 violavit
1033 3081 1070 3136 ut
1106 3093 1264 3138 summam

127 3174 307 3241 adhibuerit
335 3197 447 3241 curam
475 3197 516 3239 ne
545 3184 601 3239 ctt.
629 3173 661 3258 4,
693 3175 748 3258 15,
778 3176 816 3238 11.
847 3175 957 3238 luerit.
981 3175 1011 3258 7,
1035 3175 1065 3254 8,
1088 3176 1106 3238 l
1130 3173 1264 3239 effectae
1389 3155 1398 3175 ⁶

128 3277 199 3342 sint.
220 3278 250 3360 9,
273 3279 304 3361 3,
328 3277 349 3340 2
370 3275 524 3362 potnerit.
550 3275 599 3358 10,
622 3277 654 3358 3,
676 3278 705 3340 4·
720 3276 802 3341 adeo
825 3298 891 3342 non
914 3287 990 3341 sunt
1016 3278 1209 3340 accensi-
1229 3281 1267 3339 111

127 3378 203 3443 nihil
224 3378 393 3444 omiserint
415 3377 503 3465 quod
525 3386 581 3442 ctt.
694 3395 701 3408 ·

206 3481 422 3546 Petronius
452 3479 492 3544 72
515 3481 606 3544 canis
634 3481 820 3544 catenarius
849 3489 940 3546 tanto
963 3501 1022 3544 uos
1045 3479 1185 3544 tumultu
1209 3499 1263 3542 ex-

129 3585 219 3670 cepit,
240 3593 278 3648 ut
299 3580 456 3668 Ascyltos
484 3583 518 3644 in
541 3582 700 3670 piscinam
728 3581 893 3646 ceciderit.
939 3580 1054 3647 Oefter
1075 3579 1177 3661 nicht,
1201 3599 1265 3642 wo·

130 3704 226 3769 gegen
267 3683 338 3749 sich
375 3685 409 3747 in
446 3683 510 3747 den
550 3683 713 3748 nnechten
751 3683 995 3768 Erga'naungen
1031 3680 1108 3746 acht
1144 3679 1268 3745 Stellen

130 3783 241 3852 finden.

209 3887 362 3954 Seneca
390 3909 440 3973 ep.
474 3887 545 3970 104,
573 3885 615 3950 28
642 3885 722 3951 haec
749 3907 854 3973 nsque
881 3907 918 3950 eo
950 3885 1095 3948 animum
1123 3883 1267 3949 Socratis

132 4008 191 4051 nou
211 3990 388 4073 fregerunt,
410 3997 448 4052 ut
469 4009 509 4051 ne
531 3987 659 4051 vultum
682 3986 813 4074 quidem
835 3989 1007 4053 moverint.

209 4091 266 4156 Bei
289 4090 364 4155 dem
384 4093 547 4177 jttngeren
563 4087 720 4154 Plinius
742 4091 787 4155 ist
809 4089 888 4153 hein
903 4086 1044 4174 Beispiel
1067 4085 1266 4152 vorhanden.

209 4191 247 4256 In
269 4193 343 4256 dem
367 4191 529 4275 Dialogus
552 4189 619 4254 und
642 4192 701 4256 der
720 4189 899 4256 Germania
921 4188 978 4254 des
993 4189 1159 4253 Tacitus
1175 4186 1268 4273 giebt

136 4289 189 4355 der
208 4293 291 4360 Stoff
308 4295 418 4378 wenig
438 4290 686 4376 Veranlassung
708 4315 750 4356 zu
772 4291 880 4357 dieser
901 4290 1150 4378 Tempuslolge,
1183 4289 1267 4354 doch

136 4393 215 4457 steht
234 4395 309 4461 dial.
339 4396 397 4463 39:
426 4397 507 4460 satis
536 4403 665 4459 constat
692 4430 733 4441 —
763 4393 932 4475 defensos,
960 4402 997 4456 ut
1025 4432 1064 4441 —
1094 4391 1267 4456 incendere

137 4497 298 4574 potuerint.
336 4497 375 4561 In
398 4497 462 4561 den
485 4496 555 4560 drei
578 4495 796 4561 historischen
810 4493 976 4560 Schriften
992 4492 1066 4558 sind
1083 4489 1267 4556 aahlreiche

184 4597 312 4652 Draeger.
327 4601 389 4642 11111,
404 4599 492 4650 aputu
506 4598 527 4640 11
542 4599 595 4641 Lat.
609 4599 658 4648 scr.
1011 4617 1039 4666 l,
