3050 5146
553 448 594 480 -.
640 413 699 476 161
745 449 786 461 -

123 587 173 650 qno
193 563 428 648 („wcdurch“).
474 563 536 629 Mit
559 563 617 627 der
634 564 852 651 (ionjunction
875 585 935 646 qao
958 573 1038 630 statt
1062 568 1151 632 eines
1168 565 1246 631 Pro·

10 659 11 670 ’
122 686 250 730 nomena:
272 664 352 747 Jug.
376 665 418 729 66
442 665 620 750 Vagenses,
645 687 707 752 quo
722 663 874 730 Metellus
899 703 937 712 -
959 667 1162 749 praesidium
1184 668 1244 731 im·

120 777 261 852 posuerat.
287 767 347 831 103
371 766 502 848 turrim,
537 789 600 850 quo
623 766 822 854 praesidium
851 767 1059 852 imposuerat.
1087 767 1147 832 104
1169 790 1244 833 con·

119 866 190 932 fecto
210 869 349 953 negotio,
374 890 437 955 quo
460 868 655 934 intenderat.

190 967 287 1034 Ovid
312 979 389 1034 met.
412 970 442 1059 1,
464 968 528 1034 656
550 991 683 1056 parcum
705 991 808 1056 genus
832 979 881 1034 est
904 972 1074 1056 -etqui
1097 973 1246 1057 quaesita

117 1079 275 1136 reservent.
322 1071 436 1158 Prop.
460 1071 490 1153 3,
517 1071 567 1154 13,
589 1071 632 1136 25
660 1079 777 1158 pacata
803 1072 974 1154 iuventus,
1004 1069 1141 1137 diritiae
1169 1095 1246 1158 quo·

117 1195 175 1236 mm
194 1175 306 1238 messis
331 1181 363 1237 et
385 1172 483 1239 arbor
505 1183 609 1237 erant.

186 1274 264 1339 Liv.
295 1275 348 1356 23,
376 1275 429 1356 43,
462 1276 497 1337 11
528 1296 611 1358 quae
639 1275 673 1337 si.
695 1275 788 1360 paria
816 1283 926 1338 essent
958 1274 1033 1352 (auf
1061 1277 1144 1341 vires
1180 1277 1248 1341 und

116 1379 245 1442 66166166
266 1375 441 1460 bezogen).
464 1375 516 1456 32,
540 1375 582 1446 29
604 1373 732 1440 delectu
754 1374 918 1462 rebusque
932 1374 1007 1439 aliis
1024 1412 1063 1422 -
1080 1399 1164 1462 quae
1187 1401 1246 1462 per

114 1477 189 1562 ipsos
211 1476 341 1561 agenda
364 1485 463 1554 orant,
487 1475 650 1560 perfectis.
673 1477 726 1556 42,
749 1476 769 1542 8
792 1477 941 1563 bonaque
956 1485 992 1541 ut
1008 1479 1061 1559 iis,
1083 1478 1244 1564 quidquid
1288 1551 1291 1560 Ι

113 1579 171 1642 eiua
190 1579 375 1666 recuperari
397 1577 517 1665 possit,
545 1577 733 1642 reddantur.
762 1578 815 1660 44,
841 1579 856 1640 1
880 1578 994 1642 166666
1016 1579 1129 1664 pietati
1152 1579 1243 1643 fidei-

112 1702 167 1766 qua
184 1680 268 1758 deos,
296 1701 354 1766 per
376 1701 460 1766 quae
482 1701 558 1766 pop.
569 1680 607 1744 R.
633 1678 673 1744 ad
692 1688 820 1744 tantum
836 1679 961 1766 fastigii
980 1681 1114 1745 venerit.
1137 1679 1244 1744 Ibid.:

112 1803 172 1844 cum
194 1782 337 1868 quinque
359 1780 505 1861 66111666,
528 1781 613 1866 quod
629 1782 664 1845 in
679 1781 938 1868 supplementum
955 1781 1118 1867 legionum
1133 1803 1242 1846 secum

110 1885 292 1948 traiecturus
320 1893 399 1947 crat.
429 1883 481 1964 44,
508 1883 547 1945 10
573 1882 729 1968 pecuniae
751 1892 894 1968 purtem,
923 1883 1010 1969 quod
1034 1882 1141 1947 166661
1169 1905 1243 1948 nac-

110 1993 163 2048 tus.
195 2023 220 2032 -
245 1982 349 2048 Vell.
373 1987 404 2064 2,
426 1983 469 2048 49
491 1992 600 2069 partes
628 2021 663 2031 —-
688 1993 721 2048 61
742 1982 800 2047 1116
821 1982 967 2070 gloriosa
994 1981 1129 2049 ethaeo
1152 1985 1243 2047 terri-

108 2085 222 2150 biliora.
267 2084 359 2149 Tac.
383 2083 457 2150 hist.
481 2085 511 2166 3,
535 2085 576 2149 80
598 2085 713 2170 raptis,
737 2086 824 2170 quod
848 2087 964 2171 cuique
987 2085 1133 2163 obviam,
1159 2085 1241 2149 telis.

107 2209 171 2250 ann.
192 2189 223 2269 3,
238 2188 284 2252 63
300 2185 490 2271 legationes,
514 2208 650 2272 quorum
666 2187 762 2272 copia
778 2187 858 2252 16661
875 2196 982 2273 patres
994 2197 1051 2251 ctt.
1069 2225 1104 2233 -
1125 2185 1243 2273 Apul.

108 2287 168 2354 flor.
196 2291 224 2370 1,
253 2289 274 2354 6
302 2309 422 2372 genus,
453 2289 508 2372 qui
535 2327 571 2336 -
598 2307 729 2352 novere.
781 2291 930 2354 Ancon.
959 2298 1041 2372 grat.
1070 2297 1133 2353 661.
1161 2299 1243 2354 extr.

106 2387 219 2474 sellam,
242 2398 459 2477 praetextam,
484 2389 638 2470 trabeam,
662 2411 744 2473 quae
767 2389 962 2455 honestavit.

179 2492 243 2558 Dic
260 2492 469 2558 Constructio
492 2491 533 2554 ad
556 2512 686 2555 sensum
701 2490 781 2576 geht
794 2491 874 2556 aber
888 2490 971 2556 noch
988 2493 1111 2574 weiter,
1135 2491 1243 2555 indam

105 2593 177 2658 anch
200 2587 424 2668 indefinite
446 2592 643 2657 Pronomina
665 2593 731 2656 und
759 2591 862 2656 selbst
884 2591 1245 2676 Adjectivformen

106 2715 161 2759 ron
183 2695 233 2758 ihr
257 2695 409 2778 ergriffen
434 2695 578 2758 uuerden:
602 2692 696 2777 Virg.
721 2693 802 2758 Α66.
826 2693 859 2774 6,
881 2692 945 2758 560
966 2694 1098 2759 Titania
1126 2694 1242 2780 pubes,

104 2793 230 2860 fulmine
252 2795 384 2861 deiecti.
429 2795 528 2861 Ovid.
558 2803 631 2860 met.
660 2799 687 2874 1,
715 2795 773 2859 162
803 2795 902 2860 scires
926 2817 943 2857 6
966 2797 1124 2880 sanguine
1146 2806 1241 2861 66166

104 2899 172 2976 (661
184 2919 329 2982 propago
351 2898 523 2982 bezogen).
561 2898 609 2978 13,
634 2897 694 2960 821
727 2895 787 2961 hoc
810 2919 907 2984 pecus
930 2918 1024 2961 omne
1047 2919 1154 2962 meum
1181 2907 1240 2979 est,

103 2999 215 3065 multae
243 3020 371 3086 quoque
401 2997 543 3063 vallibus
574 3005 695 3062 errant.
728 3035 762 3044 -
795 2997 915 3062 Vitruv
947 3000 974 3080 l,
1000 2999 1014 3060 1
1046 2997 1087 3062 dc
1116 2998 1242 3062 duabus
1309 3065 1317 3080 .

103 3100 191 3166 rebus
218 3141 252 3150 -
283 3123 326 3165 ex
354 3099 404 3163 his
435 3121 534 3162 unum
563 3107 595 3164 et
623 3099 771 3164 alterurn.
824 3099 895 3162 Nur
923 3097 981 3162 der
1009 3097 1171 3163 Numerus
1200 3101 1244 3164 ist

100 3201 255 3284 geandort
281 3202 335 3266 bei
357 3202 432 3266 Liv.
455 3201 507 3282 42,
539 3201 575 3264 11
607 3200 752 3265 efficacia
781 3200 854 3286 (661
880 3221 1040 3266 venenum
1069 3199 1240 3284 bezogen).

102 3305 183 3368 Suet.
200 3303 319 3368 Claud.
342 3305 383 3368 38
399 3305 467 3367 irae
490 3311 588 3388 atque
610 3301 798 3366 iracundiae
821 3301 971 3366 conscius
988 3302 1051 3366 sibi
1067 3310 1241 3386 utrumque

100 3407 277 3470 excusavit.
323 3402 422 3492 Apul.
446 3404 515 3467 flor.
544 3407 555 3467 l
581 3426 630 3468 nr.
652 3391 672 3466 1
697 3424 781 3488 qaae
804 3403 890 3467 onim
920 3402 1048 3467 facilior
1069 3425 1121 3467 res
1144 3427 1239 3488 quam

101 3503 227 3590 linguae
254 3507 362 3571 rabios
391 3515 423 3570 et
452 3505 568 3570 vilitas
591 3526 730 3570 morum:
763 3503 899 3568 alterum
931 3525 971 3567 ex
1000 3504 1138 3568 aliorum
1168 3525 1241 3570 con·

101 3618 233 3694 tempta,
255 3606 394 3672 alterum
417 3629 459 3671 cx
481 3607 542 3671 sui.
726 3619 732 3627 ‘

180 3708 244 3774 Wo
273 3709 343 3775 sich
371 3708 431 3773 das
453 3708 649 3772 Neutrum
681 3708 714 3771 in
738 3705 864 3770 6616666
886 3705 999 3772 Weise
1026 3705 1085 3769 661
1110 3705 1240 3769 vorsus-

98 3810 244 3890 gehendo
265 3808 450 3875 mannliche
473 3809 552 3874 oder
574 3807 745 3874 weibliche
767 3807 983 3873 Substantiva
1009 3807 1149 3888 bezieht‚
1173 3804 1240 3896 svill

100 3911 153 3974 der
175 3910 410 3977 Schriftsteller
432 3911 528 3976 einen
549 3907 766 3994 allgemeinen
790 3909 918 3994 Begriff
937 3912 994 3994 (=
1010 3932 1049 3974 66
1070 3929 1134 3992 666,
1157 3931 1240 3995 quae

100 4015 160 4093 res)
183 4011 409 4095 ausdrttcken,
443 4012 525 4076 doch
555 4011 735 4098 gebraucht
764 4011 907 4078 Cicero
934 4011 968 4076 in
997 4011 1118 4076 diesem
1151 4008 1242 4074 Falla

98 4133 156 4176 nur
179 4113 243 4178 den
264 4113 418 4196 Plural,
448 4113 569 4179 andere
597 4115 680 4179 auch
709 4113 773 4178 den
796 4113 950 4198 Singulae
972 4112 1030 4178 des
1051 4112 1240 4178 Neutrums.

180 4219 212 4295 6.
238 4215 305 4282 113.
348 4223 500 4281 Etnttuss
523 4225 584 4281 der·
605 4222 810 4292 Apposition
831 4223 913 4280 oder·
935 4223 996 4279 des
1010 4223 1243 4279 Nebensstaes

97 4325 159 4380 ant
178 4325 241 4380 das
262 4325 429 4383 Prtdioat.

181 4417 264 4482 Cice
283 4417 346 4503 leg.
368 4419 457 4484 Men.
479 4420 500 4483 5
522 4417 715 4484 Corinthum
738 4456 781 4466 -
808 4419 909 4483 totius
932 4415 1093 4481 Graeciae
1119 4415 1239 4496 lumen,

97 4518 277 4584 extinctum
310 4543 382 4588 esse
411 4520 593 4588 voluerunt.
637 4519 729 4588 Brut.
753 4521 794 4585 16
821 4519 907 4585 omni
939 4528 1055 4585 ornatu
1085 4519 1242 4585 orationis
