3050 5146
281 409 297 452 Ι
550 453 591 463 -
634 416 695 498 an
742 452 783 482 -,

11 577 13 636 1
119 579 146 632 et
165 566 214 632 filii
235 569 411 634 innocentis
434 569 583 634 fortunas
611 579 821 634 conservatus
847 571 929 635 uelit.
957 567 1050 634 Verr.
1075 569 1121 652 ll,
1148 569 1239 654 1,26

11 697 12 746 j
118 679 196 754 rogat
209 669 361 736 Rubrium
385 680 421 737 ut
444 692 524 757 quos
547 672 578 736 ei
600 671 804 735 commodum
826 672 876 751 sit,
900 672 1029 754 invitet,
1052 669 1158 736 locum
1175 669 1238 736 sibi

117 771 177 852 soli,
196 772 222 836 si
241 773 393 854 maculer,
415 771 588 861 relinquat.
612 793 662 858 cp.
684 772 727 838 50
748 773 877 860 quaerit
899 771 1017 861 ecquid
1040 775 1099 854 sit„
1115 773 1201 860 quod
1217 795 1238 836 a
1304 777 1307 784 '

116 870 221 959 pupillo
248 874 402 939 traditum
432 895 497 940 non
525 876 582 954 sit,
613 874 698 960 quod
728 874 818 960 exigi
847 874 977 940 debeat.
1011 875 1108 941 Ture.
1137 875 1169 958 3,
1197 874 1240 938 20

116 975 225 1058 quaerit
243 976 297 1060 qui
320 975 383 1040 sibi
405 986 544 1058 constet,
567 997 640 1041 cum
663 974 788 1062 ealege
798 975 996 1056 immeritum
1019 981 1119 1064 petat,
1143 997 1238 1063 quam

114 1074 295 1142 dissuaserit.
341 1061 436 1142 Eheu
458 1101 495 1143 so
517 1075 577 1143 init
600 1077 695 1166 Conj.
720 1078 874 1164 perlecti:
904 1079 998 1146 Verr.
1020 1081 1053 1160 ὁ,
1075 1079 1117 1145 39
1144 1087 1240 1164 rogat

12 1223 13 1228 ι
114 1186 143 1239 ιιι
161 1177 190 1240 id
211 1177 316 1244 fucere
338 1178 501 1244 desistunt
532 1191 564 1244 ct
586 1181 620 1244 in
643 1203 702 1244 suu
723 1181 862 1268 quisque
890 1181 968 1246 navi
998 1181 1086 1247 dicat
1109 1201 1145 1244 sc
1167 1191 1237 1244 tan·

113 1287 169 1342 tum
189 1278 338 1346 habuisse
360 1291 542 1364 nautarum,
565 1292 721 1368 quantum
746 1283 935 1368 oportuerit.

184 1381 216 1466 b)
237 1382 314 1447 sehr
334 1382 447 1468 huufig
470 1382 650 1449 Praeterita
673 1383 716 1447 im
739 1383 954 1471 Conjunctiv:
1000 1383 1067 1450 die.
1090 1383 1182 1448 Verr.
1206 1381 1238 1464 4,
1363 1473 1367 1480 .

114 1481 145 1545 18
164 1483 343 1570 scribitur
375 1485 417 1549 iis
446 1485 503 1571 qui
532 1507 552 1550 a
580 1483 684 1550 Verre
717 1486 901 1568 venissent,
939 1483 1151 1573 responderet
1181 1487 1236 1548 (ιιι

113 1583 192 1648 Caes.
218 1585 247 1650 b.
276 1607 310 1672 g.
343 1588 371 1668 l,
400 1587 418 1651 l
447 1584 573 1670 legatos
601 1587 644 1652 sd
674 1587 849 1653 Caesarem
877 1587 1027 1670 mittunt,
1061 1587 1118 1674 qui
1147 1583 1235 1649 ‹lice-

109 1695 185 1769 reut,
213 1687 275 1752 sibi
299 1709 373 1752 esse
394 1690 428 1753 in
451 1690 558 1754 animo
581 1689 643 1754 iter
671 1711 730 1778 per
751 1691 953 1777 provinciam
983 1689 1116 1771 lacere,
1142 1707 1239 1774 prop·

109 1797 186 1852 terea
205 1788 292 1875 quod
316 1788 407 1856 aliud
429 1790 492 1856 iter
514 1789 639 1854 nullum
661 1790 829 1856 haberent.
853 1789 930 1857 Sall.
952 1790 1024 1858 Cat.
1039 1791 1092 1874 44,
1108 1791 1138 1854 3.
1162 1788 1239 1873 Jug.

108 1888 151 1970 tt,
171 1890 198 1954 2.
219 1889 272 1974 38,
296 1891 326 1956 9.
350 1891 423 1960 Liv.
445 1892 498 1975 22,
521 1893 542 1956 4
563 1892 610 1957 ibi
633 1900 742 1959 castre
764 1895 797 1958 in
820 1903 934 1981 aperto
957 1892 1059 1974 locat,
1087 1891 1144 1956 ubi
1167 1894 1238 1978 ipse

109 2010 170 2053 curn
190 1991 282 2058 Afris
305 1993 401 2058 modo
425 1992 648 2080 Hispanisque
671 1995 871 2078 consideret3
896 1996 963 2059 und
986 2017 1022 2060 so
1045 1995 1105 2058 of.

178 2092 209 2178 c)
233 2092 422 2160 Praesentia
446 2095 511 2161 und
537 2095 733 2181 Praeterito,
761 2095 831 2162 also
860 2094 1041 2181 gemischte
1064 2095 1239 2160 Construc-

108 2193 213 2260 tionen.
257 2195 341 2260 Hier
367 2195 429 2282 gilt
456 2198 655 2282 uenigstens
685 2198 738 2263 bei
766 2196 907 2264 Cicero
936 2198 990 2262 die
1012 2195 1132 2283 Regel,
1162 2197 1239 2261 dass

107 2294 151 2358 dle
179 2295 252 2361 dem
280 2295 486 2385 Hauptsatze
518 2297 644 2385 logiseh
676 2300 757 2366 oder
786 2299 869 2366 auch
899 2322 966 2391 nur
997 2298 1157 2364 raumtich
1188 2321 1240 2362 am

105 2397 249 2462 nttcbsten
278 2399 458 2465 stebenden
485 2401 693 2468 Nebensittzc
726 2401 781 2470 die
807 2400 1235 2468 Praesensconstruction
1271 2479 1274 2490 Ι

107 2498 318 2576 beibebalton:
355 2525 383 2588 p.
414 2500 548 2583 Quinct.
577 2503 598 2569 5
625 2513 721 2589 roget
751 2513 788 2568 ut
821 2512 930 2586 curet,
966 2504 1052 2589 quod
1089 2504 1238 2580 dixisset,

108 2597 187 2666 Verr.
210 2603 260 2685 ll,
287 2605 316 2685 l,
338 2604 380 2668 24
402 2607 568 2690 negotium
597 2604 655 2669 dut
682 2605 871 2688 comitibus,
901 2616 937 2670 ut
965 2597 1114 2690 videant,
1136 2625 1240 2691 ecqua

105 2699 188 2786 virgo
210 2706 257 2770 sit
277 2713 333 2769 aut
355 2705 472 2770 mulier
494 2707 604 2792 digna,
629 2729 725 2794 quam
748 2706 790 2772 ob
813 2727 882 2771 rem
907 2707 1032 2772 diutius
1059 2727 1237 2772 commora-

104 2811 190 2869 retur.
214 2827 264 2893 cp.
286 2806 331 2871 30
353 2805 457 2890 adest,
481 2809 591 2891 instat,
615 2818 710 2893 urget
725 2807 906 2894 Dolabella,
930 2819 1078 2895 utquam
1098 2810 1239 2895 primum

105 2907 201 2971 securi
223 2909 400 2993 feriantur,
422 2931 486 2996 quo
515 2931 613 2996 quum
643 2912 776 2974 minime
803 2911 896 2976 multi
918 2933 958 2976 ex
987 2911 1051 2975 illis
1080 2910 1122 2975 de
1142 2910 1240 2975 istius

103 3009 221 3074 nelarie
243 3010 367 3076 scelere
389 3008 505 3075 audire
527 3020 669 3100 possent.
692 3011 723 3094 2,
749 3013 789 3076 15
812 3012 993 3078 adversarii
1015 3009 1183 3099 postulant
1205 3022 1241 3075 ut

104 3107 133 3171 in
154 3131 223 3175 eam
240 3135 308 3177 rem
333 3112 458 3178 iudices
482 3113 600 3179 dentur
622 3135 663 3178 ex
686 3114 727 3178 iis
751 3113 952 3196 civitatibus,
976 3133 1059 3201 quae
1082 3112 1171 3178 inid
1194 3111 1239 3176 lo-

104 3231 169 3275 rum
191 3213 415 3280 convenirent.
438 3235 489 3302 cp.
511 3216 554 3280 50
576 3216 786 3300 Agrigentini
817 3215 858 3281 ad
887 3217 985 3282 istum
1012 3214 1137 3300 legatos
1168 3213 1240 3278 urit-

103 3322 183 3396 tunt,
216 3315 374 3403 quicum
404 3314 493 3402 leges
528 3317 728 3382 doceant-
752 3327 788 3382 ut
816 3318 878 3382 iste
905 3315 1119 3403 intelligeret,
1148 3317 1175 3381 ei
1205 3337 1240 3380 se

103 3413 187 3480 illurn
221 3416 327 3484 locum
361 3417 563 3500 vendidisse,
591 3419 644 3484 cui
671 3441 712 3483 ne
743 3421 972 3488 commercium
1002 3420 1132 3507 quidem
1169 3437 1241 3483 esse

104 3527 272 3603 oporteret.
297 3556 335 3566 —
361 3519 455 3585 Eben
479 3542 516 3586 so
538 3520 591 3586 bei
614 3519 861 3604 Nebenstttzen‚
892 3520 946 3585 die
968 3520 1059 3588 nicht
1086 3541 1150 3586 von
1173 3522 1239 3584 ein·

104 3618 200 3686 under
220 3619 411 3707 abhdugen:
435 3645 466 3709 p.
483 3621 596 3703 Quint.
614 3624 635 3687 4
657 3623 819 3688 hominem
842 3621 953 3689 multis
977 3623 1074 3688 rebus
1098 3621 1241 3686 deterret

103 3741 140 3784 ue
170 3724 392 3808 suctionetur,
427 3746 498 3790 eum
532 3745 598 3790 non
626 3727 673 3792 itu
700 3724 869 3790 commode
896 3746 991 3812 posse
1019 3747 1056 3790 eo
1085 3733 1240 3810 tempore,

102 3845 182 3908 quae
203 3827 467 3914 proscripsisset,
489 3827 639 3892 vendere.
684 3829 754 3892 Att.
782 3827 814 3910 4,
844 3828 875 3911 3,
903 3829 925 3891 4
952 3825 1104 3892 Metellus
1133 3835 1240 3890 tamen

103 3927 241 4010 postulat
262 3936 300 3992 nt
321 3925 386 3992 sibi
409 3935 541 4014 postero
569 3929 623 3993 die
643 3929 678 3991 in
701 3928 772 3994 loro
794 3929 1022 4012 obnuntietur,
1051 3928 1131 3994 nihil
1160 3949 1241 4007 esse,

102 4027 186 4110 quod
208 4029 241 4094 in
263 4049 414 4115 campum
436 4040 532 4095 nocte
555 4031 731 4096 veniretur.
775 4029 857 4096 Nur
880 4028 945 4095 die
961 4029 1153 4114 Stellung
1173 4038 1241 4094 ent·

102 4127 243 4198 scheidet
263 4130 317 4196 bei
340 4129 515 4218 folgenden
531 4131 744 4198 unmittelbar
758 4131 979 4197 coordinirten
994 4131 1240 4197 Nebenetttzen:

103 4227 194 4314 Vprr.
215 4234 246 4315 3,
265 4233 302 4298 lt
324 4243 423 4320 atque
444 4235 526 4298 haee
540 4255 605 4299 uon
620 4232 801 4322 cupiditate
816 4233 927 4320 aliqua
942 4233 1057 4299 scribit
1077 4231 1241 4317 indoctus,

102 4333 193 4397 utin
219 4334 358 4399 alienam
385 4336 587 4422 provinciam
615 4336 723 4400 mittat
749 4334 877 4400 litteras
907 4344 983 4400 ante
1010 4345 1151 4422 tempus,
1185 4336 1243 4400 sed

102 4433 245 4519 consilio,
266 4457 309 4499 ne
330 4437 357 4500 si
380 4446 509 4524 tempus
531 4438 667 4503 sationis
690 4438 918 4524 praeterisset,
941 4457 1080 4523 granum
1104 4459 1145 4502 ex
1167 4459 1241 4522 pro·

102 4534 209 4602 vincia
236 4537 351 4604 Sicilia
385 4539 510 4606 nullum
541 4539 747 4604 haberemus.
781 4537 857 4604 fam.
885 4539 917 4623 8,
945 4539 975 4620 8,
1003 4539 1025 4602 2
1051 4561 1115 4626 quo
1145 4547 1243 4602 vento

151 4637 286 4692 litasset.
302 4641 364 4684 Ηιιι.
378 4642 466 4694 syntax
480 4641 495 4682 d
516 4643 567 4684 Lat.
581 4642 631 4691 sps.
984 4665 1015 4712 ,5
