3070 5146
581 417 619 428 -
662 381 807 446 595-

121 531 161 595 14
189 532 238 596 611
267 531 422 618 cuiusque
450 531 596 598 studium
625 555 666 599 ex
692 543 801 600 aetate
823 533 996 620 flagrabat.
1040 537 1082 602 35
1110 559 1152 604 ex
1178 537 1270 604 nulla

119 635 333 699 conscientia.
370 634 411 698 47
435 655 476 698 ex
498 632 591 698 libris
616 633 786 722 Sibyllinis
809 658 944 722 regnum
967 675 1008 687 —-
1031 638 1193 725 portendi.
1227 640 1270 704 49

118 757 161 799 ex
192 735 350 822 petitione
382 733 568 802 consulatus
602 736 676 802 odio
710 739 872 804 incensus.
916 739 1011 804 Kritz
1044 741 1133 806 eitirt
1164 740 1266 807 noch:

116 837 170 918 57,
195 837 225 900 2.
270 836 348 922 Jug.
372 837 402 918 7,
425 837 456 901 b.
486 837 538 920 32,
562 838 593 903 5.
623 839 676 921 39,
699 841 729 902 2.
744 830 810 923 48,
833 841 864 904 2.
894 841 946 923 76,
971 844 998 906 l.
1023 879 1061 889 -
1090 841 1173 908 Bell.
1194 843 1267 908 Afr.

117 938 161 1002 45
190 959 233 1002 ex
261 938 382 1004 virtute
411 947 523 1004 nostra
547 939 727 1024 intelliges,
757 941 900 1026 quidex
924 944 988 1008 tuis
1011 945 1114 1030 eopiis
1138 966 1269 1032 sperare

118 1038 254 1104 debeas.
299 1041 387 1105 Liv.
409 1041 446 1124 4,
472 1041 510 1106 17
540 1063 581 1106 ex
610 1041 738 1107 civibus
765 1045 894 1108 amissis
923 1043 1014 1111 dolor
1041 1047 1113 1111 1611.
1157 1047 1199 1113 32
1226 1069 1268 1110 ex

117 1141 301 1226 ignominia
334 1141 497 1207 exercitus
530 1143 685 1228 gaudium
714 1143 794 1212 fore.
837 1145 879 1210 47
914 1147 1080 1214 discordia
1107 1147 1195 1213 domi
1226 1169 1268 1212 ex

116 1243 259 1328 agrariis
283 1241 410 1330 legibus
433 1243 508 1308 fuit.
552 1243 871 1330 25,36166166·66
893 1259 997 1313 morte
1020 1270 1143 1314 eorum.
1188 1250 1267 1314 Teo.

116 1344 149 1408 b.
172 1344 211 1428 2,
236 1345 275 1409 11
299 1365 317 1408 6
338 1345 459 1410 fiducia
480 1346 618 1412 tarditas
640 1350 755 1412 166661.
791 1347 877 1412 1661.
899 1350 936 1430 3,
959 1350 994 1434 2,
1016 1351 1038 1414 4
1060 1373 1101 1414 ex
1124 1351 1266 1416 aemula-

116 1446 207 1512 tione
230 1448 351 1512 virium
372 1450 408 1512 in
429 1447 553 1514 bellum
574 1450 723 1516 ruebant.

204 1549 235 1614 8.
281 1548 449 1614 Zuweilen
478 1550 607 1617 sobeint
634 1573 671 1616 ex
698 1562 777 1616 61611
806 1550 861 1616 666
886 1551 1050 1618 blossen
1071 1552 1266 1621 Ablativs

117 1674 159 1715 zu
189 1651 320 1732 steben,
355 1675 382 1714 a.
411 1651 450 1716 B.
480 1652 532 1718 bei
560 1656 759 1718 cotumoueri:
795 1651 863 1718 Cio.
891 1675 957 1740 rep.
985 1653 1022 1735 2,
1051 1655 1093 1720 33
1121 1677 1163 1721 ex
1191 1678 1266 1722 aere

116 1751 226 1818 alieno
248 1763 409 1820 commota
432 1755 560 1820 civitas.
604 1753 685 1822 Bell.
708 1755 782 1819 Afr.
803 1754 847 1819 46
868 1777 934 1841 qua
956 1777 998 1821 ex
1019 1778 1055 1821 re
1076 1768 1265 1824 commotus.

116 1856 158 1920 57
188 1855 343 1921 commoti
371 1877 413 1922 ex
436 1855 493 1922 tali
517 1855 733 1922 incommodo.
778 1855 819 1921 72
841 1857 961 1944 quibus
984 1879 1026 1922 ex
1048 1858 1146 1925 rebus
1169 1860 1266 1926 vehe-

116 1967 245 2022 menter
267 1957 545 2025 commovebatur.
589 1957 672 2044 Nep.
699 1961 754 2041 14,
776 1959 812 2040 2,
838 1961 853 2023 1
881 1981 946 2045 qua
968 1981 1010 2025 ex
1031 1981 1066 2024 re
1088 1961 1265 2028 maioribus

116 2060 216 2126 rebus
243 2081 396 2148 praeesse
424 2062 539 2148 eoepit.
585 2059 676 2126 Weit
697 2058 917 2126 auffallender
939 2059 1024 2130 Gell.
1048 2063 1078 2145 7,
1101 2065 1137 2146 3,
1160 2064 1200 2129 47
1224 2085 1267 2130 ex

116 2185 246 2228 summu
268 2183 330 2249 ope
351 2162 467 2226 nititur
490 2161 545 2248 (=
561 2163 790 2249 summopere).
819 2162 906 2229 Flor.
930 2166 956 2245 l,
980 2165 1009 2244 9,
1031 2165 1054 2228 4
1075 2185 1118 2230 ex
1139 2187 1265 2232 summo

116 2263 228 2330 studio
251 2261 386 2328 adnisus
410 2272 468 2332 est.
519 2262 682 2329 Denselbe
704 2264 757 2329 bei
779 2263 958 2352 Apulejus,
987 2265 1045 2330 der
1067 2266 1150 2332 auch
1173 2277 1264 2354 sagt:

116 2389 161 2432 ex
183 2365 319 2432 summis
342 2366 479 2432 viribus.
517 2377 592 2431 met.
617 2365 653 2449 9,
676 2365 716 2429 27
746 2388 788 2431 ex
816 2377 905 2432 seete
933 2368 987 2454 (=
1010 2371 1125 2454 more).
1171 2369 1264 2435 Laet.

117 2471 154 2550 1,
177 2468 214 2550 9,
237 2468 257 2533 6
284 2489 325 2532 ex
355 2489 418 2555 quo
447 2468 484 2532 fit
511 2478 555 2532 ut.
593 2467 630 2549 3,
659 2466 717 2552 29,
741 2467 781 2532 16
808 2491 838 2533 6.
862 2468 955 2534 diter.
993 2469 1029 2552 6,
1052 2470 1110 2554 20,
1134 2471 1154 2536 2
1181 2493 1265 2558 quae

117 2570 212 2635 utilia
233 2578 310 2634 sunt
331 2567 375 2634 ad
392 2571 526 2653 vietum,
549 2578 605 2635 661
627 2591 670 2633 ex
691 2568 790 2634 odore
813 2570 982 2636 inveniunt
1004 2581 1060 2638 eut
1085 2593 1127 2638 ex
1148 2594 1265 2660 sapore

116 2672 315 2760 percipiunt.

203 2776 233 2840 9.
278 2773 363 2838 Dem
386 2772 512 2840 Gellius
536 2771 789 2858 eigentbiimlicb
810 2775 855 2838 ist
875 2795 914 2838 ex
936 2783 1014 2840 61611
1035 2777 1110 2842 661.Ι
1139 2776 1187 2860 10,
1211 2777 1263 2860 22,

117 2879 135 2941 1
166 2899 209 2941 ex
231 2896 371 2964 persona
392 2875 523 2962 quidem
549 2896 614 2941 non
640 2875 735 2960 gravi
762 2896 866 2961 neque
888 2873 1021 2960 idonea,
1051 2898 1128 2942 vere
1155 2887 1264 2944 tamen

115 2981 324 3064 ingenueque
352 2975 448 3042 dixit.
492 2977 587 3043 Eben
610 2999 645 3042 so
669 2980 698 3059 ἓ.
722 2977 764 3041 24
785 2998 838 3040 arn
862 2977 974 3042 Ende:
1013 3001 1054 3044 ex
1077 2979 1168 3045 66166
1191 3001 1263 3067 per·

116 3101 198 3144 sona
220 3079 300 3145 bueo
323 3077 520 3144 dictasunt.
566 3079 724 3164 Dagegen
746 3076 927 3164 regelrecbt
949 3081 992 3144 im
1015 3080 1170 3166 Aufenge
1193 3081 1264 3146 des-

115 3180 231 3246 selben
254 3184 289 3262 §z
313 3183 393 3247 haee
416 3179 509 3245 Plato
532 3181 593 3245 sub
616 3201 755 3266 persona
777 3181 907 3267 quidem
930 3190 986 3250 ott.

204 3285 234 3364 ἓ.
256 3281 331 3348 288.
380 3281 457 3348 Sine
484 3282 586 3347 beisst
614 3282 753 3366 „ohne“
777 3281 843 3346 und
867 3281 958 3348 ward
980 3283 1014 3347 in
1038 3282 1262 3352 61166Ζ61166

113 3384 349 3470 gleiuhmttsaig
376 3383 567 3468 gebraucht.
615 3383 840 3450 Archaistiseh
866 3386 910 3449 ist
932 3384 1030 3450 deltir
1057 3406 1089 3452 se
1116 3388 1170 3453 bei
1193 3387 1261 3455 Cic.

116 3487 204 3573 legg.
226 3486 261 3568 2,
284 3488 336 3552 24.
375 3484 460 3551 Gell.
483 3485 540 3569 20,
565 3488 598 3570 1,
620 3486 673 3550 49.
716 3485 813 3552 Auoh
833 3487 888 3552 sed
908 3487 967 3551 661
987 3487 1197 3553 Inschrilten.

202 3592 232 3671 ξ.
255 3588 327 3654 289.
378 3589 441 3652 Die
469 3587 674 3674 l'rttposition
701 3594 815 3671 absque
842 3598 922 3654 statt
949 3592 1017 3654 sine
1045 3589 1089 3653 ist
1118 3590 1170 3655 bei
1199 3590 1262 3656 deu

115 3690 303 3756 Komilrern
323 3689 415 3756 nieht
437 3688 557 3773 selten,
585 3691 673 3754 steht
693 3688 769 3754 dort
791 3691 870 3756 aber
892 3712 953 3754 666
975 3692 1009 3755 16
1031 3671 1261 3780 Bodingungs-

114 3801 247 3858 satuen:
270 3794 393 3879 absque
415 3813 466 3856 me
489 3791 545 3876 (te,
570 3791 643 3875 hoc,
667 3814 713 3875 eo,
738 3813 802 3856 uns
823 3792 899 3880 hae)
923 3793 1018 3876 foret,
1042 3791 1072 3856 d.
1088 3792 1121 3858 h.
1142 3817 1262 3878 „wenn

114 3895 208 3961 nicht
230 3895 283 3960 iob
305 3903 361 3960 ett.
385 3895 505 3960 weref‘
545 3889 621 3978 Vgl.
645 3891 766 3959 Holtae
788 3893 805 3957 Ι
828 3893 861 3960 S.
884 3895 957 3963 344,
1000 3895 1071 3960 Α66
1094 3894 1152 3960 der
1175 3896 1261 3962 16166-

114 3995 246 4063 sisohen
268 3994 343 4062 Zeit
363 3994 467 4062 findet
488 3996 557 4060 sich
580 4017 641 4061 nur
664 3995 736 4061 eine
759 3994 874 4061 Stelle:
905 3989 974 4062 oie.
998 3995 1042 4062 ad
1064 3999 1132 4062 Att.
1159 3999 1187 4082 1,
1213 4001 1261 4081 19,

117 4103 132 4164 l
163 4098 286 4164 nullam
314 4121 334 4162 a
356 4119 407 4162 me
423 4093 601 4182 epistolam
627 4096 670 4161 ad
692 4105 724 4160 te
752 4098 822 4162 sino
851 4097 975 4184 absque
1003 4110 1196 4184 argumento
1223 4122 1262 4164 ee

114 4202 276 4268 sententia
299 4200 479 4285 pervenire.
527 4197 807 4264 Wahrsoheinlioh
835 4198 1019 4284 gebrauoht
1047 4221 1082 4264 er
1103 4200 1174 4266 bier
1202 4200 1261 4266 (166

114 4302 254 4388 vulgttre
276 4301 388 4385 Wort,
416 4323 472 4366 um
498 4300 562 4365 den
584 4299 770 4386 Missklang
797 4303 867 4366 ano
894 4303 962 4367 6166
990 4325 1033 4366 66
1062 4302 1260 4370 vermeiden.

114 4405 257 4470 Freilieh
280 4412 365 4468 setnt
388 4401 487 4467 Hand
511 4401 544 4467 S.
567 4402 607 4468 68
636 4400 738 4488 grado
767 4399 904 4468 deshalb
927 4403 981 4469 die
1003 4403 1177 4470 Correotur
1204 4406 1264 4472 aul

113 4505 297 4590 Reobnung
320 4506 408 4570 eines
430 4503 677 4570 Absohreibers.
702 4543 742 4552 -
770 4504 867 4569 Danu
889 4503 990 4571 findet
1013 4504 1083 4570 sich
1106 4505 1159 4572 die
1181 4506 1259 4572 Pru-

171 4611 306 4660 Drseaer.
326 4607 389 4649 Htst.
403 4607 492 4658 syntex
505 4607 526 4648 d.
539 4607 583 4648 lat.
598 4607 648 4658 866,
1024 4613 1056 4662 39
