3050 5146
584 417 817 480 -183-

144 566 219 632 stelll
241 568 327 651 sind,
350 575 481 632 miissen
504 568 691 654 diejcnigen
709 567 832 633 Stellen
856 569 1111 654 arrsgesclrierlcn
1136 572 1276 654 werdun,

142 671 170 734 in
196 667 298 734 denen
327 668 386 733 das
416 667 587 734 scheinbar
615 692 656 733 zu
687 669 895 754 erganzende
924 669 1109 755 Satzglicd‚
1143 693 1218 754 mag
1241 695 1275 738 es

142 769 356 855 vuraulgelren
378 767 457 834 oder
478 769 684 853 nachlolgen,
709 769 756 835 als
780 769 836 835 das
860 772 913 836 die
941 771 1276 858 correspondircnden

142 869 264 938 Glieder
297 870 531 956 gleichmitssig
560 863 790 937 Umfassende¹
809 873 995 938 anzusehen
1022 875 1082 957 ist,
1116 875 1177 940 wie
1206 874 1274 941 Cic.

141 973 225 1038 Verr.
246 973 278 1054 5,
301 973 345 1038 43
366 981 435 1037 turn
458 974 616 1037 avaritiae
638 972 743 1037 solum
766 973 808 1058 [si
829 973 990 1058 viveret],
1020 995 1106 1039 nunc
1132 997 1207 1041 curn
1229 979 1276 1042 ila

140 1085 217 1140 esset
238 1084 385 1158 necatus,
408 1073 539 1152 sceleris
563 1073 720 1138 audaciae
742 1075 946 1140 crudelitatis
970 1081 1072 1141 testem
1092 1078 1169 1158 fere.
1199 1077 1275 1141 Liv.

139 1177 166 1258 3,
186 1177 225 1242 45
245 1177 323 1242 huic
345 1175 374 1240 si
402 1176 455 1240 vis
484 1175 655 1258 afferetur,
685 1197 745 1260 ego
772 1178 991 1262 praesentium
1016 1177 1193 1259 Qniritium
1217 1201 1275 1265 pro

139 1299 260 1363 sponsa,
285 1277 458 1362 Virginius
481 1275 619 1341 militum
643 1299 702 1363 pro
724 1278 822 1342 unica
841 1278 921 1360 filia,
944 1301 1055 1344 omnes
1071 1281 1205 1345 deorum
1220 1279 1274 1345 ho·

139 1380 319 1466 minumque
347 1378 586 1462 implorabimus
613 1377 721 1443 fidem.
770 1380 848 1443 Tac.
878 1403 952 1444 ann.
986 1383 1035 1460 14,
1065 1383 1105 1445 64
1128 1403 1275 1468 quaeque

137 1501 235 1546 rerum
265 1477 481 1545 secundarum
512 1478 588 1546 olim
618 1479 677 1564 (sc.
706 1480 868 1567 fuerant),
898 1492 965 1547 tum
994 1482 1144 1568 publicae
1172 1482 1274 1548 eladis

137 1582 270 1667 insignia
290 1583 398 1663 fuisse.
444 1579 533 1645 Oder
556 1581 615 1645 der
637 1581 695 1646 das
713 1581 879 1668 Fulgendc
901 1584 1110 1648 umfassende
1131 1586 1272 1666 gemein-

137 1705 217 1749 same
239 1682 420 1750 Ausdruck
443 1682 521 1768 geht
544 1685 676 1748 vorauf:
700 1683 770 1749 cie.
794 1685 827 1748 in
851 1685 917 1748 Pis.
941 1685 1078 1750 euoluit
1105 1684 1161 1750 ille
1183 1707 1273 1750 sena-

136 1795 197 1850 tum
219 1787 421 1852 interlicere:
451 1807 509 1850 vos
532 1783 731 1869 sustulistis,
759 1784 848 1869 leges
879 1785 1067 1852 incendere:
1098 1808 1157 1851 voa
1180 1786 1273 1852 abre·
1375 1789 1377 1798 ’

135 1890 244 1972 gustis,
268 1888 403 1952 interire
426 1887 581 1972 patriam:
611 1907 670 1951 vus
702 1886 887 1952 adiuvistis.
931 1885 1102 1952 Ovidam.
1126 1890 1156 1971 3,
1180 1889 1274 1972 ’1,47
1312 1883 1314 1890 ”

135 1991 275 2072 opmbum
297 1998 387 2054 certe
402 1990 518 2074 recipi:
543 2010 614 2053 sum
629 2007 747 2075 nempe
762 1997 928 2074 receptus;
951 1987 1060 2054 oscula
1081 1989 1174 2054 darc:
1199 1988 1274 2070 tuli,

30 2147 35 2154 .
134 2093 296 2178 proximus
326 2113 415 2156 esse:
444 2090 502 2155 fui.
546 2089 645 2174 Apul.
675 2113 716 2152 m.
744 2091 775 2172 5,
808 2092 846 2155 15
873 2091 957 2156 iethet
983 2089 1140 2155 citharam
1169 2090 1272 2176 loqui:

135 2193 296 2280 psallitur3
330 2192 430 2257 tibias
463 2211 578 2277 agere:
613 2200 762 2274 sonatnr3
795 2192 915 2284 choros
944 2213 1078 2257 canere:
1113 2201 1273 2258 cantatur.

134 2293 204 2380 Vgl.
229 2293 297 2359 Cic.
322 2311 354 2380 p.
378 2291 508 2358 Oluent.
530 2293 582 2373 57,
610 2293 678 2358 157.
701 2293 778 2358 fam.
804 2295 854 2374 10,
877 2295 928 2375 21,
952 2296 980 2358 3.
1007 2296 1081 2363 Sen.
1104 2295 1146 2358 ad
1169 2294 1273 2358 Maru.

134 2397 182 2478 22,
207 2397 234 2461 1.
267 2394 364 2461 Solch
387 2395 440 2459 ein
462 2394 701 2480 gemeinsamer
715 2395 893 2460 ausdruck
917 2396 1007 2460 kann
1031 2417 1128 2480 segur
1151 2396 1199 2461 als
1221 2395 1274 2459 cin

134 2495 441 2581 vollsttlndiger
457 2496 549 2561 Satn
573 2495 807 2580 voraulgchen,
830 2497 914 2562 ohne
931 2496 1007 2562 dass
1023 2498 1068 2562 im
1086 2495 1273 2582 Fulgendcn

134 2601 202 2664 eine
224 2597 396 2663 wirkliche
418 2595 547 2685 Ellipse
570 2598 768 2685 empfunden
791 2597 889 2663 wird:
913 2599 981 2663 Cic.
1004 2621 1073 2686 par.
1096 2601 1127 2678 4,
1150 2600 1274 2664 2c<csul

134 2721 194 2766 nun
215 2702 387 2784 muniet-ur
410 2701 446 2782 ie,
469 2700 613 2787 quicum
631 2698 695 2764 telo
711 2700 834 2764 fuerit?
858 2711 934 2766 ante
957 2709 1104 2765 senatum
1128 2709 1183 2764 tua
1206 2701 1274 2764 sica

134 2801 332 2889 deprehensa
355 2812 421 2884 est3
445 2803 500 2889 qui
523 2801 685 2867 hominem
709 2801 889 2867 occiderit?
917 2814 952 2866 tu
976 2800 1132 2888 plurimos
1155 2801 1273 2866 occidi-

135 2905 189 2986 sti,
221 2904 275 2990 qui
308 2895 495 2968 incendium
531 2903 670 2968 fecerit?
704 2903 802 2968 aedes
835 2901 1061 2990 Nympharum
1090 2924 1188 2966 manu
1217 2912 1275 2966 tua

134 3005 342 3090 deflagravi13
366 3007 420 3090 qui
443 3005 564 3090 templa
586 3005 817 3092 occupaverit?
840 3005 874 3068 in
895 3003 968 3069 foro
989 3013 1097 3067 castra
1124 3001 1273 3088 posuisti.

135 3107 225 3173 Ganz
253 3107 372 3193 analog
399 3105 452 3170 bei
476 3107 566 3171 Luct.
598 3107 702 3188 l,·10,
729 3105 766 3170 14
793 3107 906 3171 stultus
933 3105 978 3170 M.
1002 3103 1182 3185 Tullius,
1218 3107 1272 3189 qui
1383 3133 1388 3140 ·

135 3207 175 3273 G.
197 3209 292 3273 Verri
314 3207 477 3272 adulteria
499 3208 632 3272 obiecit:
657 3207 769 3272 cadem
793 3209 878 3272 enirn
902 3207 1047 3294 Jupiter,
1070 3227 1166 3293 quem
1190 3205 1272 3270 colc-

134 3308 200 3390 bat,
223 3309 370 3392 admisit3
393 3307 461 3401 qui·
472 3309 508 3372 P.
532 3307 649 3375 Clodio
672 3311 792 3374 sororis
815 3310 993 3374 incestum:
1016 3319 1051 3373 at
1072 3307 1122 3373 illi
1140 3307 1272 3392 Optimo

135 3409 277 3476 Maximo
299 3411 414 3478 eadem
438 3412 500 3476 fuit
521 3423 555 3476 et
577 3434 668 3478 soror
691 3419 723 3475 et
744 3412 874 3476 coniux.

215 3511 274 3578 Bei
289 3512 348 3577 der
360 3511 486 3600 Ellipee
498 3512 556 3579 des
569 3513 758 3578 Priidicales
771 3512 846 3577 sind
857 3535 924 3576 nun
937 3513 1101 3579 entwcder
1116 3510 1274 3596 gleiehe

136 3615 210 3680 oder
237 3637 299 3680 nur
325 3614 513 3681 dhnliehe
541 3613 587 3695 (d.
615 3615 645 3679 h.
676 3615 734 3678 mit
762 3615 899 3679 ander-er
920 3615 1058 3679 Flexion
1082 3612 1274 3694 versehene)

136 3717 267 3782 Fermen
291 3740 333 3782 zu
356 3726 529 3801 ergdnzen.

215 3819 241 3884 1.
265 3817 390 3905 Ellipse
414 3819 471 3882 mit
494 3817 695 3903 Ergfinaung
717 3817 900 3902 gleicher
922 3818 1073 3882 Formcn.

218 3925 244 3985 1.
268 3916 619 4008 Oppositionelles
642 3918 850 3984 Verh'dltniss
873 3918 940 3984 und
965 3941 1051 3983 zuar

215 4045 244 4086 a.
266 4031 513 4105 congruent:
538 4019 606 4086 cic.
629 4022 684 4085 lin.
709 4021 740 4103 2,
768 4023 782 4084 1
808 4044 872 4087 non
896 4021 983 4087 enim
1005 4019 1109 4086 solum
1128 4020 1274 4106 Torqua-

140 4131 185 4187 lus
207 4121 304 4194 difuit,
329 4122 412 4209 quid
439 4123 591 4205 sentiret,
623 4122 679 4187 secl
710 4113 900 4188 etiam'eur.
934 4123 976 4186 de
1003 4143 1050 4186 or.
1080 4123 1110 4203 2,
1141 4123 1183 4186 15
1202 4122 1274 4186 vult

141 4225 228 4290 ctiam
257 4227 290 4290 in
318 4224 416 4290 rebus
444 4225 545 4307 gestis
574 4222 734 4289 declarari
757 4247 826 4289 non
857 4223 961 4289 solum
985 4223 1063 4310 quid
1086 4231 1194 4288 actium
1218 4233 1274 4288 aut

142 4323 253 4391 dictum
276 4327 336 4408 sit,
366 4325 423 4391 sed
452 4325 549 4390 ctiam
580 4327 740 4408 panniculo.
787 4322 925 4406 Quintil.
950 4327 999 4405 11,
1027 4328 1053 4407 1,
1078 4325 1095 4388 ”l
1119 4347 1179 4390 nec
1201 4323 1274 4412 plus

143 4427 248 4510 refert,
278 4428 356 4514 quid
386 4426 475 4492 dicas
499 4449 595 4513 quam
618 4449 677 4510 quo
699 4427 771 4492 loco.
817 4425 879 4491 nn
902 4426 1166 4510 Steigcrung:
1203 4423 1271 4488 010.

143 4523 231 4592 Tusc.
257 4531 282 4606 l,
305 4531 342 4594 31
369 4549 465 4614 quam
489 4549 561 4595 cum
586 4527 670 4614 lego,
693 4526 774 4593 nihil
796 4526 880 4592 malo
904 4549 999 4614 quam
1023 4527 1080 4592 has
1104 4549 1154 4592 ras
1178 4524 1272 4590 relin-
