3070 5146
750 387 980 454 ..606-

294 551 578 628 sammengesetzt,
606 542 712 609 haben
740 539 899 618 zuueilen
926 541 962 606 io
989 561 1017 604 c.
1040 537 1105 606 obl.
1135 538 1201 604 und
1230 537 1293 606 den
1317 539 1434 621 Dativ3

295 667 320 709 s.
345 644 487 710 dariiber
509 643 541 710 S.
564 645 643 726 383,
671 645 692 709 4
719 653 815 710 unter
841 641 905 709 den
925 641 1100 707 Wiirtern:
1131 643 1270 720 illudere,
1301 643 1435 722 immori,

295 748 400 828 inesse,
423 748 569 833 insidere,
594 747 748 813 insistere.-

377 873 408 940 5.
432 873 477 940 Io
504 875 592 940 steht
618 874 672 939 fiir
699 879 772 942 oute
800 874 834 938 in
863 872 926 938 den
948 871 1184 937 Ausdriicken:
1212 875 1248 938 io
1269 873 1376 956 oculis,
1405 873 1438 936 io

294 997 362 1041 ore:
385 973 452 1040 Cic.
473 976 515 1041 ud
538 975 603 1057 Qu.
625 977 667 1040 fr.
691 981 720 1059 l,
745 979 772 1061 1,
793 976 813 1039 2
835 975 870 1039 in
892 973 993 1039 oculis
1016 972 1216 1039 clarissimae
1237 975 1437 1062 provinciae.

297 1077 388 1142 Verr.
411 1077 440 1156 2,
463 1079 504 1144 33
527 1080 560 1143 in
584 1100 640 1145 ore
663 1087 761 1164 etque
783 1079 818 1142 in
840 1075 942 1142 oculis
966 1075 1164 1162 provinciae.
1202 1073 1438 1160 8111011211,

297 1177 344 1245 14.
381 1177 476 1244 Auch
503 1180 557 1244 hei
584 1179 701 1246 Livius
730 1177 797 1243 und
832 1179 876 1243 im
907 1177 1229 1244 silbernenhatein.
1274 1174 1439 1242 Aehnlieh

295 1279 363 1345 Cic.
386 1279 441 1346 fin.
464 1281 495 1363 5,
518 1281 560 1346 25
582 1283 616 1348 in
639 1281 756 1347 vestris
778 1281 921 1347 aonios.

379 1408 409 1472 6.
432 1407 492 1474 Bei
516 1409 579 1473 den
595 1408 714 1474 Verbis
735 1409 801 1474 und
823 1406 1185 1490 Verbelsubstantiven,
1208 1405 1293 1472 auch
1315 1406 1437 1493 Adjec-

294 1511 397 1592 tiven,
419 1509 540 1575 welche
562 1511 747 1595 Neigung
767 1510 834 1573 und
850 1509 1093 1594 Abneigung
1112 1509 1192 1575 oder
1213 1509 1285 1573 eine
1304 1508 1436 1572 feind·

295 1611 423 1698 selige
446 1610 682 1696 Hendlung,
712 1611 895 1698 iiberhaupt
922 1609 1151 1697 persiinlichen
1175 1609 1361 1674 Einfluss
1385 1611 1435 1674 be·

297 1713 426 1794 deuteri,
449 1712 537 1778 steht
559 1713 608 1778 oft
630 1711 762 1797 zufolge
785 1711 962 1776 sinnlieher
976 1713 1178 1798 Auffassung
1197 1713 1252 1777 die
1274 1712 1439 1790 Person,

296 1814 418 1880 welche
441 1813 777 1900 derGegenstand
800 1814 868 1879 des
890 1815 1079 1879 Affectes
1103 1813 1197 1878 oder
1220 1813 1289 1878 der
1304 1813 1435 1880 Hand·

295 1916 391 2002 lung
422 1917 477 1999 ist,
510 1917 555 1980 im
588 1915 665 1981 Abl.
700 1918 758 1980 mit
790 1919 836 1982 io.
881 1917 945 1981 Die
976 1915 1180 2000 Auffassung
1212 1918 1271 1981 ist:
1305 1938 1349 1982 en
1382 1917 1438 1980 der

294 2018 419 2084 Person
442 2020 530 2104 zeigt
552 2017 631 2100 sich,
658 2041 700 2082 on
723 2019 802 2082 oder
824 2019 858 2082 in
880 2015 932 2082 ihr
954 2015 1110 2082 vollzieht
1132 2017 1200 2082 sich
1224 2017 1278 2082 die
1300 2017 1437 2104 Theog-

296 2119 366 2184 keit
387 2119 445 2184 des
469 2119 649 2208 Subjectes.

291 2281 294 2286 -
381 2239 419 2303 In
453 2238 511 2304 der
542 2237 631 2304 alten
664 2240 739 2304 Zeit
773 2241 817 2305 ist
849 2239 902 2303 die
935 2239 1166 2306 construction
1200 2237 1317 2322 selten,
1351 2241 1438 2305 donn

295 2339 447 2405 ziemlich
475 2339 669 2406 verbreitet:
699 2343 774 2407 Ter.
806 2342 891 2406 Eun.
919 2343 950 2422 3,
978 2342 1009 2424 5,
1041 2343 1080 2405 13
1109 2341 1142 2405 in
1171 2341 1232 2406 hee
1260 2351 1437 2408 commotus

295 2465 376 2506 sum.
414 2444 518 2508 Andr.
552 2445 584 2523 l,
612 2445 650 2525 4,
679 2444 700 2509 5
728 2443 804 2509 date
833 2481 869 2490 -
899 2442 948 2506 illi
976 2443 1009 2506 in
1039 2442 1112 2508 aliis
1143 2445 1252 2530 potius
1280 2444 1435 2530 peccandi

295 2543 409 2609 locum.
447 2545 517 2609 Lex
545 2565 598 2632 ap.
628 2544 713 2611 Geli.
736 2546 766 2626 5,
793 2547 840 2626 19,
864 2545 883 2609 9
911 2547 960 2610 uti
988 2547 1074 2630 patri
1098 2544 1181 2610 endo
1203 2543 1272 2610 filio
1296 2555 1347 2610 est
1370 2546 1435 2632 (po-

294 2647 423 2730 tentes).
453 2645 520 2710 Cic.
544 2644 639 2709 Verr.
663 2645 709 2728 ΙΙ,
736 2649 763 2730 l,
785 2648 808 2710 4
834 2669 899 2712 non
922 2656 972 2711 est
994 2647 1028 2710 in
1050 2647 1111 2712 hoc
1132 2649 1263 2712 homine
1286 2649 1433 2734 cuiquam

295 2747 452 2834 peccandi
485 2745 585 2812 locus.
632 2750 668 2833 4,
705 2749 747 2814 34
780 2747 862 2813 nihil
896 2770 931 2812 se
963 2749 996 2812 in
1030 2770 1068 2815 eo
1102 2751 1274 2834 potestatis
1308 2749 1432 2814 hebere.

295 2847 378 2914 Phil.
409 2851 464 2932 11,
492 2849 512 2914 3
541 2848 769 2915 crudelitatem
804 2869 957 2914 exercere
991 2852 1025 2915 in
1058 2851 1136 2915 vivo
1164 2889 1206 2900 -
1233 2851 1269 2915 in
1298 2862 1431 2918 mortuo.

297 2952 346 3032 14,
369 2952 390 3016 3
413 2971 496 3038 quae
519 2953 554 3016 in
575 2951 686 3017 liberis
716 2963 747 3017 et
770 2952 964 3037 coniugibus
993 2952 1147 3018 effecerit.
1184 2953 1262 3017 farn.
1286 2953 1318 3036 6,
1341 2954 1371 3035 6,
1397 2953 1432 3017 10

294 3054 327 3116 in
350 3052 418 3116 eius
442 3074 582 3138 persona
603 3054 705 3120 multu
727 3054 805 3120 lecit
827 3054 984 3142 asperius.
1015 3052 1105 3122 Lael.
1129 3058 1159 3137 §.
1179 3055 1219 3119 41
1242 3053 1323 3141 quid
1344 3057 1376 3119 in
1398 3055 1431 3118 P.

294 3153 447 3243 Scipione
469 3155 644 3222 effecerint.
675 3178 741 3243 rep.
758 3156 789 3240 6,
808 3157 847 3222 15
861 3154 1032 3242 pietatem,
1055 3177 1140 3244 quae
1160 3179 1233 3221 curn
1255 3156 1299 3221 sit
1319 3179 1430 3242 magne

293 3257 327 3320 in
342 3258 532 3344 parentibus
555 3267 587 3322 et
607 3259 810 3346 propinquis,
833 3268 902 3322 turn
925 3257 957 3320 in
980 3260 1086 3346 petris
1108 3259 1253 3323 maxime
1275 3269 1336 3324 est.
1364 3259 1427 3324 Ao.

292 3359 324 3438 4,
350 3358 400 3439 16,
423 3358 443 3422 6
466 3356 611 3425 liberalis
633 3361 668 3425 in
691 3359 820 3448 populo.
851 3358 1011 3446 porod.3,
1031 3363 1045 3424 1
1067 3359 1217 3449 petulans
1240 3360 1274 3425 in
1298 3361 1427 3445 virgine.

293 3456 336 3522 ad
359 3457 423 3538 Qu.
447 3458 488 3523 fr.
514 3462 541 3542 1,
566 3463 577 3525 1
607 3465 636 3543 ξ.
664 3463 700 3526 ll
729 3484 793 3548 quo
816 3483 867 3525 mc
889 3461 996 3525 animo
1019 3463 1181 3526 inservis
1204 3483 1277 3526 esse
1300 3461 1428 3528 censes?

293 3560 336 3624 ad
359 3561 449 3629 Brut.
473 3561 505 3640 2,
529 3563 547 3625 l
571 3564 645 3627 duri
667 3562 785 3628 fuimus
807 3563 841 3627 in
864 3561 1049 3628 Dolabella.
1079 3564 1133 3628 off.
1155 3563 1188 3646 2,
1212 3563 1252 3629 18
1276 3566 1310 3630 in
1333 3564 1371 3630 iis
1393 3600 1425 3610 -

293 3663 446 3729 restricti.
477 3663 586 3729 deor.
611 3666 646 3746 l,
674 3665 714 3730 27
743 3674 877 3729 aeterna
904 3666 940 3728 in
967 3686 1005 3729 eo
1028 3701 1069 3712 -
1091 3662 1180 3730 volet
1202 3666 1313 3753 opinio
1335 3665 1426 3732 tardi·

293 3765 382 3829 tatis.
412 3763 443 3846 2,
465 3765 507 3830 55
529 3765 587 3830 sed
610 3777 646 3830 ut
669 3767 703 3830 in
726 3765 884 3833 Scaevola
905 3768 1068 3832 continuit
1090 3787 1129 3830 ee
1152 3803 1190 3814 -
1215 3769 1263 3832 sic
1284 3767 1319 3832 in
1335 3769 1425 3834 Bruto

292 3874 431 3950 utroque
458 3887 578 3950 genere
605 3868 773 3955 pugnavit.
809 3870 840 3950 3,
864 3871 884 3933 9
912 3868 1042 3933 dicebat
1064 3869 1227 3933 Isocrates
1251 3906 1291 3918 -
1315 3891 1349 3935 se
1369 3867 1424 3934 cel·

293 3966 423 4032 caribus
446 3968 478 4032 in
503 3968 650 4056 Ephoro,
679 3981 794 4036 eontra
821 3979 929 4036 autem
958 3971 992 4034 in
1018 3969 1229 4058 Theopompo
1256 3970 1357 4036 frenis
1383 3969 1424 4033 nti

293 4066 405 4134 solere.
457 4070 528 4136 Aul
554 4073 607 4135 ein
635 4070 814 4138 stichliches
845 4072 965 4162 Object
991 4071 1204 4156 iibertragen:
1239 4071 1323 4137 Phil.
1349 4069 1423 4154 5,ss

292 4169 408 4235 avidus
430 4172 464 4236 in
486 4173 633 4260 pecuniis
655 4171 874 4260 locupletium.

377 4290 503 4355 Cornif.
533 4293 566 4376 1,
602 4294 642 4358 13
675 4301 867 4380 agnatorum
900 4293 935 4358 in
969 4315 1007 4358 eo
1040 4293 1243 4381 pecuniaque
1276 4293 1343 4358 eius
1373 4311 1421 4378 po·

291 4401 392 4458 testes
415 4402 495 4458 esto.

378 4511 472 4578 Caes.
495 4512 529 4578 b.
551 4535 582 4600 g.
609 4517 637 4598 1,
660 4514 702 4579 47
731 4513 818 4602 quod
844 4513 878 4580 in
900 4535 939 4579 eo
961 4515 1118 4603 peccandi
1140 4514 1312 4582 Germanis
1332 4529 1419 4577 cem
1497 4506 1499 4510 ’

1521 5033 1525 5129 1
