3050 5146
767 367 1082 440 --1112-Ι

397 528 550 606 nonne
573 527 895 593 ausdrtickliche
911 529 1081 612 Angabe
1105 505 1442 593 ‹les'vereolriede-

313 651 386 694 nen
409 630 640 717 Subjectes:
664 631 733 696 Cic.
758 628 812 694 fin.
836 630 867 712 2,
890 631 922 713 5,
948 633 984 695 11
1009 651 1200 716 omnesque,
1230 632 1285 716 qui
1309 630 1379 693 aine
1398 630 1443 693 do·

312 730 379 795 lore
402 731 478 814 sint!
502 734 535 796 in
558 731 728 819 voluptate
751 742 784 796 et
807 751 845 795 ea
867 731 997 818 quidem
1021 753 1147 797 summa
1162 753 1234 796 esee
1250 732 1335 796 dico.
1369 731 1443 816 Ergo

311 833 345 897 in
369 832 483 898 eadem
506 833 675 920 voluptate
697 855 770 898 eum
794 833 880 917 (esee
903 831 999 916 dicis)
1022 835 1077 921 qui
1100 842 1157 898 ctt.
1195 833 1291 900 Doclr
1309 833 1356 896 ist
1370 832 1444 896 diese

312 935 410 999 Form
433 933 537 999 selten
559 935 627 1000 und
650 934 807 999 zuweilcn
830 933 920 998 nicht
943 936 1050 1000 sicher
1071 957 1112 999 zu
1140 935 1317 999 erkenncn.

396 1038 428 1101 2.
450 1036 515 1102 Die
537 1036 746 1101 numerale
767 1036 892 1126 Ellipsc
914 1039 958 1102 iet
980 1035 1129 1122 zugleich
1152 1038 1266 1101 immer
1293 1037 1368 1100 eine
1387 1056 1444 1124 per·

314 1137 443 1221 sonale,
469 1137 574 1202 wobei
604 1139 661 1203 dus
685 1137 821 1223 Subject
842 1129 1020 1204 besonders
1042 1128 1267 1223 ausgcdriickt
1289 1137 1359 1202 und
1380 1139 1445 1202 mei-

312 1250 400 1307 stens
428 1239 487 1304 der
509 1238 621 1304 Plural
650 1261 708 1305 aus
737 1239 810 1305 dem
834 1240 988 1326 Singular
1018 1249 1154 1326 ergdnzt
1179 1239 1279 1322 wird‚
1310 1238 1389 1304 bald
1412 1261 1444 1302 an

314 1345 456 1425 circiter,
480 1340 557 1406 bald
581 1365 622 1406 an
646 1339 762 1407 dritter
777 1341 878 1408 Stella
900 1342 969 1406 und
991 1341 1139 1426 lrttuiiger
1154 1341 1207 1406 bei
1230 1341 1444 1406 coordinir-

313 1455 379 1509 ten
402 1443 451 1509 alc
474 1445 528 1509 bei
551 1443 794 1510 subordinirten
816 1445 953 1510 Sdtzen:
979 1443 1047 1508 Cic.
1070 1442 1163 1510 acad.
1185 1444 1217 1524 2,
1240 1445 1283 1509 35
1302 1441 1445 1506 hocmihi

314 1558 346 1612 et
363 1547 570 1634 Peripatetici
595 1546 804 1630 (concedunt)
821 1556 961 1612 etvetus
978 1545 1158 1612 Academia
1173 1537 1345 1610 concedit(
1360 1543 1445 1608 Tunc.

313 1650 344 1730 3,
369 1648 409 1712 l'l
432 1649 566 1740 auribus
589 1647 727 1712 fortasse
749 1647 870 1714 multae
894 1649 1057 1735 (poterant
1080 1647 1176 1733 ease),
1200 1647 1303 1712 oculis
1326 1645 1446 1733 quidem

313 1750 403 1814 nulla
425 1758 553 1836 poterat
580 1771 652 1814 esse
679 1750 793 1815 ferrtior
821 1759 935 1816 contra
963 1749 1108 1816 dolorem
1137 1759 1170 1817 et
1199 1757 1339 1812 mortem
1362 1747 1445 1812 (lisci-

313 1849 411 1938 plina.
435 1850 533 1916 Tunc.
557 1853 588 1935 5,
611 1855 642 1934 4,
668 1853 708 1916 10
728 1853 852 1916 numeri
876 1861 1046 1939 motusque
1067 1851 1297 1916 tractabantur
1317 1861 1351 1915 et
1372 1847 1447 1914 unde

313 1955 422 2034 omnia
449 1964 618 2020 orerentur
640 1975 746 2040 quove
769 1955 951 2024 reciderent
973 1954 1213 2040 (tractabatur).
1257 1951 1350 2016 Caes.
1374 1953 1404 2018 b.
1423 1973 1446 2013 c.

313 2057 344 2139 3,
368 2057 417 2120 91.
440 2055 515 2119 Liv.
537 2053 567 2136 6,
595 2056 643 2136 15,
669 2056 717 2120 13.
761 2056 841 2121 Tac.
865 2055 896 2120 h.
921 2056 951 2138 1,
977 2056 1015 2119 16
1038 2065 1072 2119 et
1093 2052 1203 2120 Galba
1224 2055 1355 2141 quidem
1377 2053 1447 2117 haec

313 2179 351 2220 ac
379 2155 458 2221 talia
487 2156 711 2243 (loquebatur)
740 2195 780 2206 —-
808 2159 909 2223 ceteri
937 2167 1102 2243 tamquam
1130 2177 1202 2220 curu
1231 2155 1320 2220 facto
1349 2154 1446 2242 loqua-

313 2258 445 2323 bantur.
489 2257 583 2322 Lact.
609 2261 636 2338 l,
661 2261 690 2340 1,
713 2259 756 2323 20
777 2268 814 2323 ut
835 2281 895 2324 nec
917 2257 994 2324 libri
1017 2258 1149 2324 modum
1176 2257 1369 2344 (reperiant)
1395 2277 1447 2320 nec

191 2375 193 2380 '
314 2360 410 2424 finem
440 2361 581 2446 reperiat
609 2361 723 2425 oratio.
752 2397 792 2408 ·-
820 2361 869 2426 Im
899 2358 1207 2430 subordiuirten'
1235 2356 1446 2424 Satzverlrtilt·

313 2462 398 2526 nise:
427 2461 501 2526 Liv.
528 2461 580 2542 36,
602 2463 644 2526 25
673 2461 786 2527 eodem
815 2471 975 2548 tempore,
1004 2484 1067 2548 quo
1095 2461 1236 2527 Romani
1264 2458 1448 2526 Heracleam

315 2562 593 2651 (oppugnabant),
623 2562 795 2651 Philippus
822 2564 971 2628 Lamiam
1006 2585 1047 2628 ex
1080 2562 1259 2648 componito
1293 2582 1447 2648 oppugna·

315 2667 380 2730 bat.
403 2665 456 2747 31,
478 2665 520 2730 23
543 2685 616 2729 nam
632 2675 669 2730 ut
683 2675 771 2730 terra
785 2665 1075 2753 Thermopylarum
1096 2665 1267 2750 angustiae
1284 2664 1448 2730 Graeciam

227 2807 232 2816 ·
316 2765 517 2851 (claudunt),
545 2767 591 2832 ita
613 2767 692 2830 mari
720 2769 840 2859 fretum
862 2767 980 2854 Euripi
1008 2767 1142 2832 claudit.
1186 2766 1250 2830 Mit
1276 2763 1449 2831 achlechtcr

314 2869 515 2934 Attracticn:
542 2871 570 2952 1,
593 2869 646 2950 56,
670 2870 688 2932 l
712 2869 739 2934 ie
762 2892 834 2934 cum
851 2868 1009 2955 primores
1025 2869 1182 2949 civitatis,
1205 2869 1239 2933 in
1260 2867 1375 2955 quibus
1389 2867 1448 2930 fra-

314 2981 394 3035 trem
417 2993 522 3052 suurn,
546 2972 588 3035 ab
610 2970 772 3035 avunculo
795 2970 1001 3035 interfectum
1018 2969 1173 3035 audisset.
1207 2968 1296 3034 Weil
1318 2969 1385 3033 lrier
1398 2967 1446 3031 die

315 3072 516 3157 Ergttn'zung
548 3095 613 3138 von
644 3072 889 3137 interfectos
922 3073 975 3136 bei
1009 3072 1210 3159 primores
1239 3093 1282 3135 zu
1309 3071 1380 3135 hart
1403 3089 1446 3132 cr·

314 3175 441 3239 scheint
462 3175 527 3240 und
544 3175 595 3238 ein
611 3197 718 3260 genua
734 3173 1005 3264 entepreclrendee
1021 3172 1195 3258 Analogon
1210 3174 1301 3238 nicht
1315 3171 1445 3250 existirt,

315 3276 502 3340 vernruthet
523 3275 660 3362 Madvig
682 3279 742 3341 mit
764 3275 869 3341 Recht
891 3276 1141 3370 interlectos
1164 3296 1224 3339 vor
1246 3277 1387 3341 audisset.
1407 3307 1446 3318 -·

314 3375 375 3440 Die
391 3375 516 3463 Ellipee
538 3400 580 3441 an
602 3380 769 3442 aweiter
784 3377 883 3443 Stelle
906 3381 949 3442 lat
970 3377 1129 3442 ebenlalls
1151 3376 1275 3443 sowohl
1293 3376 1343 3441 bei
1364 3393 1444 3440 cocr-

314 3477 464 3544 dinirtern
487 3481 534 3543 als
557 3480 611 3546 bei
633 3481 886 3546 subordinirtem
907 3478 1131 3544 Verlriiltnisae
1152 3476 1309 3564 miigliclr:
1333 3478 1397 3543 Cic.
1414 3496 1444 3536 u.

313 3579 343 3644 d.
365 3581 397 3664 2,
419 3582 440 3644 4
462 3591 631 3668 peccatum
654 3605 748 3648 suum
763 3581 914 3649 confiteri
935 3582 1051 3646 maluit
1067 3621 1106 3628 -
1123 3581 1273 3648 consules
1296 3595 1443 3645 summum

312 3684 482 3770 imperium
499 3685 609 3750 statim
626 3684 789 3772 deponere
804 3682 1027 3768 (maluerunt).
1058 3683 1139 3748 Sclrr
1153 3681 1329 3747 auffallend
1343 3697 1443 3761 wegcn

312 3807 354 3848 zu
382 3807 514 3870 groseer
535 3786 745 3872 Entfernung
772 3788 831 3850 der
858 3783 985 3872 Ellipse
1013 3807 1077 3851 von
1106 3784 1179 3849 dem
1212 3779 1443 3864 vollstttndigen

314 3886 501 3971 Satzgliede
530 3888 583 3952 bei
607 3887 744 3968 Quintil.
772 3889 803 3970 3,
827 3888 859 3970 3,
887 3887 906 3950 8
935 3887 1022 3952 Dion
1051 3886 1272 3952 inventionem
1300 3884 1443 3950 modoet

313 3987 560 4074 dispositionem
576 3989 722 4069 tradidit,
748 3989 804 4054 aed
821 4025 862 4036 -
878 3987 1119 4054 -Theodorei
1143 3989 1211 4082 fere
1234 3987 1442 4052 inventionem

312 4089 475 4175 duplicem
501 4090 741 4174 (tradiderunt).
778 4091 877 4156 Nicht
892 4089 995 4155 selten
1010 4092 1044 4154 in
1060 4088 1263 4174 dialogice
1273 4091 1341 4154 her
1354 4085 1441 4150 rom

312 4192 370 4255 der
392 4191 500 4256 Rede:
531 4193 599 4258 Cic.
622 4191 718 4258 Rosc.
741 4195 816 4259 Αιιι.
843 4193 865 4256 2
893 4215 975 4280 quae
998 4215 1049 4258 res
1073 4215 1112 4257 ea
1134 4190 1211 4257 est?
1238 4193 1329 4258 Bona
1349 4183 1440 4274 (sunt)

189 4341 193 4358 ι
312 4295 414 4381 patris
437 4294 571 4361 huiusce
595 4295 672 4361 Sex.
697 4295 817 4361 Roscii.
841 4295 895 4359 fin.
919 4297 950 4378 5,
974 4297 1013 4361 31
1037 4295 1110 4382 quis
1134 4294 1195 4358 lroc
1217 4295 1320 4360 dicit?
1350 4282 1438 4356 Stoici

311 4396 446 4461 scilicet.
471 4420 500 4483 p.
531 4397 614 4462 Sest.
643 4399 684 4462 48
712 4409 762 4462 est
790 4397 897 4478 labor,
930 4420 993 4464 nou
1023 4418 1119 4481 neg03
1154 4395 1299 4483 pericula
1325 4407 1438 4475 nragnar

311 4499 427 4565 l'ateor.
479 4501 552 4564 Seu.
577 4523 626 4586 ep.
652 4501 702 4584 to,
725 4499 878 4566 ovata?
901 4513 932 4564 et
956 4501 1075 4564 leonca
1114 4499 1293 4564 Formosus
1316 4495 1382 4561 est?
1405 4487 1439 4553 El
