3050 5146
878 266 889 298 Ι

415 416 428 442 ’
523 447 556 453 --
610 407 670 469 rso

5 619 6 632 ,
94 561 141 626 loci
160 562 294 624 maxime
317 560 465 643 ualeant,
494 559 619 628 dictum
642 571 691 624 est
713 562 745 624 in
770 561 828 641 iis,
854 561 890 624 in
919 561 1037 645 quibus
1061 558 1102 623 de
1125 547 1211 624 omni

5 671 6 680 ‘
94 661 194 726 ratione
216 661 347 727 dicendi
370 661 599 746 (dictumest).
635 661 717 727 Hor.
733 683 833 728 earm.
856 663 887 742 2,
913 663 951 727 13
966 661 1020 727 ille
1036 670 1068 726 et
1083 660 1212 733 nefasto

92 775 116 828 te
135 763 232 850 posuit
254 764 317 844 die,
341 763 536 850 quicumque
553 765 709 852 primurn.
740 764 807 832 (iic.
824 763 867 854 ad
884 763 949 844 Qu.
965 762 1004 828 fr.
1021 763 1050 844 2,
1069 762 1115 840 ‚14
1131 761 1211 827 duas

91 864 178 929 adhoc
197 887 218 930 a
239 874 270 930 te
293 865 404 952 accepi
427 863 597 952 epistulas,
620 887 755 953 quarum
777 866 912 932 alteram
927 867 961 930 in
977 865 1049 952 ipso
1064 864 1213 929 discessu
1265 923 1267 927 .

90 967 191 1048 nistre,
213 966 352 1031 alteram
367 967 517 1034 Arimino
534 967 654 1032 datam.
688 967 786 1036 Tusc.
804 969 833 1050 1,
855 969 892 1032 17
909 967 1078 1032 Platonem
1092 965 1212 1046 ferunt,

90 1079 117 1132 ut
135 1065 352 1154 Pythagoreos
374 1080 601 1154 cognosceret,
631 1071 666 1135 in
688 1067 818 1135 Italiam
843 1069 973 1134 venisse
994 1107 1034 1116 —
1057 1068 1211 1155 primurn·

88 1191 138 1254 que
156 1170 193 1236 de
214 1171 396 1236 animorum
418 1172 612 1237 aeternitate
632 1193 697 1238 noo
720 1170 825 1237 solum
848 1171 989 1236 sensisse
1017 1169 1103 1236 idem
1127 1169 1213 1257 quod

88 1271 289 1359 Pythagoram
312 1275 370 1355 (sc.
384 1273 526 1338 sensisse
541 1273 677 1359 ferunt),
694 1274 751 1340 sed
767 1273 926 1340 rationem
942 1275 1040 1339 etiam
1054 1270 1213 1338 attulisse.

155 1397 183 1456 γ.
211 1376 246 1440 in
269 1375 616 1460 Bedingungssttzen:
655 1375 724 1440 Cic.
752 1399 784 1462 p.
813 1373 917 1440 Balbo
943 1375 964 1440 5
991 1385 1100 1439 utrum
1127 1375 1213 1441 enim

87 1475 260 1542 inscientem
293 1475 394 1542 vultis
423 1485 537 1542 eontra
565 1477 699 1542 foedera
733 1477 852 1542 fecisse
885 1500 927 1542 an
961 1476 1143 1542 scientem?
1177 1477 1214 1542 st

85 1580 227 1644 ιιὲειιιιιιιι
249 1601 269 1644 o
291 1600 409 1644 nornen
425 1579 528 1644 nostri
543 1579 672 1665 imperii
688 1589 745 1644 ott.
762 1579 829 1644 div.
848 1581 875 1661 l,
898 1579 941 1644 51)
959 1599 998 1643 ea
1014 1578 1078 1644 duo
1093 1600 1214 1664 genera

85 1701 99 1740 a
119 1679 315 1745 Dicaearcho
339 1679 520 1766 probantur
543 1690 591 1765 et,
615 1690 651 1745 ut
673 1681 761 1763 dixi,
790 1702 809 1745 a
832 1680 988 1767 Cratippo
1010 1689 1132 1746 nostro.
1177 1681 1214 1746 st

81 1787 230 1864 propterea
252 1783 337 1864 qood
358 1804 396 1846 ea
418 1781 669 1868 proficiscuntur
689 1805 709 1846 a
731 1792 857 1866 natura,
885 1782 953 1848 sint
974 1805 1102 1848 summa
1123 1804 1213 1866 sane,

84 1882 165 1948 modo
185 1906 227 1948 ne
250 1883 338 1966 sola;
361 1885 542 1950 sinautem
565 1895 622 1950 ctt.
647 1908 678 1950 n.
702 1885 734 1950 d.
761 1887 789 1966 l,
818 1886 860 1950 35
887 1883 1034 1950 abundat
1055 1923 1097 1934 —-
1118 1888 1157 1964 ai,
1179 1891 1215 1950 ut

83 1983 260 2050 immortalis
283 1986 337 2066 sit,
361 1985 440 2070 quid
462 1985 541 2050 haec
564 1987 731 2058 advitam
753 1984 900 2052 membra
916 1985 1106 2073 pertinent?
1128 1985 1213 2051 Phil.

82 2086 107 2158 2,
125 2087 163 2152 45
183 2085 307 2166 iudicia
328 2108 396 2150 non
417 2088 552 2170 metuis;
575 2089 603 2152 si
626 2097 759 2174 propter
774 2089 1006 2172 innocentiam,
1029 2086 1139 2170 laudo,
1163 2088 1214 2152 sin

83 2199 200 2274 propter
222 2189 304 2270 vim,
326 2210 392 2252 non
414 2186 572 2274 intelligis
596 2199 653 2256 ctt.
686 2191 741 2269 ll,
769 2191 790 2255 2
813 2212 988 2278 oppressus
1010 2189 1212 2273 Trebonius;

82 2289 105 2351 si
123 2299 157 2355 ut
177 2291 220 2356 ab
243 2311 291 2370 eo,
316 2290 373 2376 qui
395 2299 507 2376 aperte
529 2290 632 2357 hostis
661 2303 762 2376 esset,
790 2295 954 2369 incautus,
985 2293 1012 2370 si
1041 2300 1077 2356 ut
1097 2291 1140 2356 ab
1163 2313 1213 2374 en,

82 2393 127 2476 qui
148 2393 229 2458 civis
252 2393 351 2458 etiam
374 2401 442 2458 tum
465 2393 605 2479 speciem
621 2392 767 2476 haberet,
790 2397 897 2460 miser.
921 2393 953 2478 5,
976 2395 996 2458 9
1018 2394 1142 2480 legatos
1158 2393 1212 2458 de·

81 2495 196 2560 cernis?
229 2495 281 2575 ri,
303 2502 341 2558 ut
370 2495 559 2582 deprecere,
589 2504 788 2579 contemnet3
823 2497 867 2579 si,
896 2505 932 2560 ut
959 2497 1115 2582 imperes,
1148 2517 1212 2562 non

80 2593 189 2661 audiet.
221 2596 277 2661 tin.
311 2595 349 2677 2,
379 2597 418 2660 12
441 2597 604 2681 Epicurus
633 2605 742 2662 autem
771 2620 843 2662 curn
871 2599 905 2662 in
928 2600 1031 2682 prima
1052 2619 1213 2663 commen·

80 2695 199 2774 datione
222 2697 426 2784 voluptatem
450 2698 600 2779 dixisset,
622 2701 652 2764 si
674 2721 744 2764 eom
766 2699 878 2785 (dixit)
896 2723 992 2786 quam
1012 2699 1212 2786 Aristippus,

79 2795 154 2862 idern
188 2808 301 2864 tenere
333 2797 447 2864 debuit
473 2799 625 2865 ultimum
654 2801 812 2866 bonorum
842 2799 928 2888 quod
956 2799 1026 2878 ille,
1058 2803 1110 2866 sin
1143 2821 1213 2866 enm

78 2921 167 2984 qoam
193 2899 417 2988 Hieronymus
446 2911 503 2967 ott.
553 2901 678 2989 Ellipse
709 2901 753 2966 im
788 2901 960 2968 tweiten
986 2901 1213 2987 Bedingungs-

77 3009 174 3067 sstze:
207 3025 240 3090 p‘.
264 3001 356 3068 Sulla
386 3001 423 3066 18
455 3001 513 3067 sed
541 3003 619 3089 quid
647 3012 697 3070 est
724 3004 856 3070 tandem
891 3003 977 3090 quod
1006 3001 1130 3069 indicat
1157 3025 1214 3090 per

78 3102 326 3191 istum'puerum
349 3103 543 3170 Cornelius?
573 3105 608 3169 Si
635 3115 747 3170 vetera
776 3105 855 3187 mihi
877 3108 1004 3190 ignota,
1033 3127 1106 3169 eum
1129 3103 1213 3169 Hor-

78 3206 173 3272 tensio
197 3207 445 3287 communicata,
468 3205 638 3294 respondit
660 3205 872 3291 Hortensius,
895 3209 955 3287 sin,
979 3217 1016 3272 ut
1038 3206 1098 3290 ais,
1121 3205 1213 3271 illum

78 3317 220 3374 conatum
242 3308 400 3374 Autronii
421 3316 477 3372 ott.
501 3309 561 3392 (sc.
584 3309 732 3395 indicat).

153 3411 185 3474 d.
208 3412 242 3476 in
264 3408 417 3474 eausnten
439 3409 505 3474 und
527 3409 680 3476 modolen
701 3411 946 3477 Nehenstttzen:
969 3411 1043 3476 Val.
1067 3412 1157 3476 Max.
1181 3413 1212 3492 3,

76 3509 102 3590 t,
121 3513 141 3573 2
156 3511 371 3599 Tarquinium
395 3509 436 3575 ad
452 3511 633 3578 Romanum
656 3514 828 3598 imperium
844 3513 1068 3599 occupandum
1085 3513 1214 3578 fortuna

76 3611 206 3679 advexit
227 3613 386 3693 alienum,
417 3615 499 3696 meod
523 3622 628 3678 ortum
652 3613 823 3694 Corintho,
853 3614 1105 3697 fastidiendum,
1132 3615 1215 3696 qaod

76 3727 250 3781 mercatore
284 3714 463 3780 Demarato
496 3714 660 3800 genitum,
695 3715 967 3798 erubescendum,
1002 3717 1085 3799 qood
1114 3714 1213 3780 etiam

75 3815 185 3882 exsule
208 3819 270 3902 (sc.
292 3817 457 3902 genitum,
477 3815 572 3904 jedes
595 3816 664 3884 Mul
686 3818 731 3882 ist
751 3817 835 3882 nach
859 3820 942 3900 quod
962 3816 1020 3882 das
1043 3817 1133 3882 Verb
1156 3819 1213 3883 ad-

76 3919 151 3982 venit
173 3941 214 3984 zu
236 3921 425 4004 ergtnzen).
462 3915 600 3999 Quintil.
623 3919 654 4001 3,
677 3919 709 4001 5,
735 3920 774 3983 12
788 3919 848 3984 sed
869 3943 933 3985 non
956 3919 1106 3988 omnibus
1130 3920 1213 3985 eius-

73 4019 158 4085 modi
182 4019 430 4106 quaestionibus
454 4019 500 4084 sic
524 4021 648 4085 occurri
676 4031 799 4107 potest,
828 4021 968 4088 stillis:
998 4024 1082 4088 sitne
1109 4023 1213 4087 virtus

74 4119 170 4184 finis?
205 4131 378 4207 regaturne
408 4121 617 4206 providentia
644 4121 810 4187 mundus?
846 4117 894 4207 (ut
923 4124 1007 4207 „wie
1036 4147 1110 4190 zum
1138 4123 1212 4188 Bei·
1258 4164 1260 4168 .

73 4221 178 4306 spiel“
201 4222 264 4289 iilis
286 4225 336 4289 sic
357 4223 484 4290 occurri
506 4243 570 4288 non
591 4225 726 4312 potest).

156 4323 203 4388 11.
226 4324 352 4414 Ellipse
373 4326 434 4390 mit
448 4325 651 4410 Ergttnzung
673 4325 908 4410 ungleicher
923 4325 1110 4413 Formen*).
1143 4327 1212 4394 Das

107 4432 298 4441 -———..—

90 4433 95 4436 .
139 4461 164 4526 ¹)
186 4458 280 4514 Dieser
298 4460 397 4515 zweite
416 4459 498 4514 Theil
516 4459 552 4514 ist
575 4459 619 4512 ein
639 4459 753 4529 Auszug
774 4460 906 4514 eusdem
924 4460 1127 4531 Manuscripte,
1152 4463 1212 4516 dos·

72 4557 118 4598 sen
138 4541 305 4616 Bentrtznng
323 4545 377 4600 mir
395 4543 482 4601 durch
501 4543 547 4599 die
566 4542 639 4598 erite
658 4543 707 4600 des
725 4543 793 4604 Hrn.
814 4545 971 4600 Verfnssers
994 4547 1130 4616 gestattot
1147 4563 1212 4602 war.
