3050 5146
568 445 608 454 —
655 407 714 472 199
758 448 798 455 -

200 559 234 624 In
261 559 319 624 der
341 559 444 645 Regel
467 559 555 625 steht
582 560 641 625 (111
664 560 846 626 Hiilfsverb
875 560 1057 644 absolut,
1093 564 1154 626 wie
1182 563 1251 628 Cic.

9 693 10 720 l
127 659 199 726 Phil.
219 661 248 743 8,
271 664 289 725 1
311 683 385 726 cum
408 673 541 727 senatus
564 684 603 728 ea
625 661 730 728 virtus
753 663 886 745 luisset,
915 685 997 749 quae
1020 663 1112 728 solet.
1157 664 1253 731 Doch
1299 743 1309 762 .

126 763 202 827 kann
227 762 283 828 das
306 762 542 828 Verstdndniss
570 765 665 828 einen
688 764 811 828 Zusatz
840 764 955 849 ndthig
975 762 1127 830 machen:
1158 766 1252 836 Verr.

126 863 149 947 l,
169 865 206 931 35
230 863 455 952 perscribunt,
484 864 572 952 quod
602 871 669 931 tum
697 864 856 954 prohibiti
885 875 971 931 sunt.
995 890 1028 953 p.
1056 865 1143 931 Mur.
1172 867 1203 951 2,
1232 871 1252 934 3

125 965 227 1052 quibus
248 967 392 1032 maxime
413 966 526 1032 debes.
549 967 646 1032 Tusc.
662 968 692 1048 3,
708 967 751 1030 22
773 966 859 1053 qnod
883 967 965 1033 ratio
982 966 1151 1053 debuerat,
1173 992 1252 1036 usus

125 1066 216 1132 docet.
237 1090 268 1155 p.
294 1069 428 1150 Quinct.
443 1068 486 1132 20
507 1091 579 1140 cum
604 1089 676 1132 eum
701 1067 886 1134 defenderit
907 1069 1007 1149 idem,
1030 1072 1085 1156 qui
1109 1079 1141 1134 te
1169 1070 1251 1137 sole-

124 1170 180 1233 bat.
199 1169 281 1235 biv.
297 1171 351 1253 43,
376 1170 414 1233 17
437 1191 489 1252 ne,
512 1169 599 1256 quod
620 1168 771 1235 hostibus
798 1189 869 1234 mos
892 1180 978 1234 esset
1002 1172 1194 1258 (accipere),
1217 1173 1251 1237 id

9 1281 11 1364 j
122 1281 242 1357 pacatae
269 1272 422 1336 civitates
447 1271 646 1358 acciperent.
691 1271 760 1336 Cic.
789 1271 829 1336 de
858 1293 904 1336 or.
935 1273 964 1354 1,
986 1271 1028 1336 48
1057 1273 1143 1336 ide'm
1173 1275 1251 1339 mihi

9 1375 10 1378 ’
122 1393 203 1459 spero
231 1395 294 1438 usu
317 1395 389 1438 esse
411 1383 585 1439 venturum
614 1373 648 1437 in
676 1375 737 1438 hac
765 1373 1006 1460 disputatione,
1037 1375 1123 1461 quod
1147 1377 1183 1439 in
1203 1377 1250 1441 di-

121 1473 211 1539 cendo
232 1474 326 1540 solet.
656 1561 657 1566 ἵ

193 1576 260 1641 Der
283 1577 356 1656 eine
378 1575 454 1643 Satn
472 1579 515 1642 ist
536 1578 722 1662 negotiu,
745 1575 805 1640 der
827 1577 948 1642 andere
970 1578 1142 1663 positis:
1181 1579 1251 1645 Cio.

9 1743 10 1748 ,
119 1701 145 1765 p.
166 1677 294 1760 Quinct.
321 1680 358 1744 17
382 1681 410 1744 11
439 1677 551 1744 verbis
572 1699 638 1744 aon
665 1676 780 1759 sodet,
811 1700 846 1742 re
875 1679 1007 1766 quidem
1035 1701 1115 1745 vera
1142 1677 1250 1767 palam

119 1777 259 1866 loquitur.
295 1781 350 1846 off.
376 1781 447 1862 1,7
477 1781 533 1867 qui
560 1779 602 1844 ab
631 1780 689 1864 iis,
724 1780 843 1866 quibus
871 1782 1027 1866 infertur,
1060 1783 1087 1845 si
1115 1793 1251 1868 possunt

119 1879 346 1967 (propulsare),
382 1903 447 1950 nott
479 1880 672 1969 propulsant
706 1881 869 1947 iniuriam.
909 1882 1005 1947 Rosc.
1035 1885 1109 1948 Am.
1142 1884 1181 1946 10
1202 1895 1249 1964 ut,

117 1983 257 2068 quoniam
285 1983 421 2072 crimine
447 2006 511 2048 non
539 1992 705 2070 poterant,
734 1991 879 2070 tempore
906 1984 979 2070 ipso
1002 1995 1194 2071 pugnarent.
1218 2009 1250 2072 p.

117 2082 209 2149 Balbo
230 2085 274 2150 20
296 2084 435 2150 exsistat
458 2106 535 2170 ergo
563 2083 618 2162 1119
639 2086 691 2150 vir
713 2106 889 2172 parumper
911 2087 1110 2171 cogitatione
1128 2096 1249 2169 vestra,

116 2186 257 2272 quonism
280 2208 396 2252 renen
411 2195 527 2272 potest,
552 2195 589 2251 ut
610 2186 820 2274 conspiciatis
845 2207 918 2250 eum
941 2187 1115 2253 mentibus.
1138 2187 1248 2253 Onrt.

115 2287 140 2366 6,
160 2288 190 2370 3,
212 2289 232 2353 8
255 2311 330 2354 cum
355 2288 435 2353 feris
465 2287 579 2354 bestiis
606 2310 658 2352 191
686 2298 751 2368 911,
781 2309 862 2375 quas
890 2297 1004 2374 captas
1034 2299 1066 2354 et
1094 2289 1247 2372 inclusae,

115 2388 184 2475 quia
203 2391 350 2477 ipsarum
372 2398 488 2454 natura
510 2413 574 2454 non
596 2398 714 2478 potest,
737 2389 868 2474 longior
882 2390 953 2455 dies
977 2392 1116 2477 mitigat.
1162 2393 1247 2456 Sen.

114 2489 149 2554 de
169 2513 261 2578 prov.
283 2492 315 2572 3,
336 2491 357 2557 5
378 2491 465 2578 qnod
488 2513 613 2578 regem,
643 2513 739 2578 quem
767 2499 894 2556 armata
917 2507 1014 2556 manu
1041 2515 1107 2558 non
1130 2494 1247 2581 potuit,

114 2602 223 2660 exusta
244 2593 348 2678 fugat.
373 2592 395 2658 J
401 2595 510 2658 nstin
535 2592 867 2676 1,41191111911991,
896 2615 992 2680 quam
1021 2598 1156 2681 epatre
1184 2617 1248 2659 non

112 2697 281 2780 potuisset,
310 2695 501 2760 aministro
529 2696 688 2779 exigeret.
731 2694 843 2759 Lect.
870 2695 900 2776 2,
934 2696 960 2777 l,
992 2695 1030 2759 17
1061 2705 1098 2787 pt
1126 2696 1246 2779 Deum,

112 2817 199 2882 quem
223 2795 326 2862 oeulis
349 2819 413 2861 non
437 2819 621 2883 possumus,
644 2797 751 2861 animo
774 2795 1039 2883 contemplemur.

40 2963 42 2970 .
189 2899 272 2963 Zum
303 2897 493 2963 Ueb'erfluss
520 2896 602 2962 wird
632 2897 706 2962 dem
734 2895 939 2984 elliptisehen
962 2898 1059 2962 Satze
1087 2898 1145 2962 das
1170 2899 1247 2962 Ob·

108 3000 189 3085 jcct
211 3000 395 3086 beigeliigt:
420 2999 489 3064 Cic.
513 2999 608 3064 Verr.
632 3000 657 3076 Ι,
680 2999 721 3062 26
744 3008 838 3085 rogat
860 2999 1033 3080 Rubrium,
1056 3009 1092 3064 ut
1114 3023 1196 3086 quos
1219 3003 1248 3065 91

112 3100 307 3166 commodum
332 3102 384 3178 sit,
408 3100 537 3166 invitet.
561 3124 615 3191 ep.
637 3100 680 3164 44
702 3111 738 3164 ut
760 3099 870 3166 liberis
899 3101 969 3166 eius
991 3102 1077 3168 bona
1104 3103 1245 3187 eriperes

110 3211 140 3266 91
160 3203 212 3267 cui
233 3205 291 3269 titi
313 3212 402 3268 essct
423 3203 642 3284 commodum,
671 3201 882 3267 condonares.
917 3202 959 3267 de
981 3225 1027 3268 or.
1059 3206 1087 3286 l,
1110 3204 1151 3268 38
1173 3224 1245 3267 otim

110 3312 199 3388 pater
218 3312 450 3371 testamcutum
475 3313 633 3370 mutasset
656 3313 688 3368 et
710 3327 805 3389 quem
820 3307 849 3370 ei
864 3305 972 3368 visum
995 3314 1091 3386 esset,
1113 3306 1247 3370 fecisset

110 3403 267 3472 heredem.

191 3508 300 3574 Seltcn
329 3509 373 3574 ist
399 3508 458 3573 der
485 3531 526 3573 au
554 3507 760 3594 orgtinzcnde
784 3507 930 3573 lnfiuitiv
958 3531 1023 3574 von
1046 3507 1165 3571 Verbis
1188 3507 1245 3572 ab·

109 3608 244 3697 httngig,
274 3611 328 3676 die
357 3611 409 3674 ein
437 3609 717 3696 persbnliebes
746 3609 866 3695 Objeet
894 3633 936 3673 zu
962 3608 1069 3674 haben
1099 3607 1244 3696 pflegen:

110 3710 358 3787 9111191111,
385 3713 413 3792 l,
435 3712 478 3776 35
503 3710 727 3798 perscribunt,
758 3711 845 3797 quod
880 3720 948 3775 tum
980 3711 1137 3798 prohibiti
1171 3721 1248 3776 sunt

109 3813 349 3898 (perscribere).
373 3812 456 3899 Nep.
479 3812 549 3877 Att.
575 3813 624 3895 13,
648 3813 668 3877 2
689 3813 753 3877 nisi
776 3815 804 3877 si
827 3813 905 3900 quid
927 3821 1092 3878 vetustate
1113 3821 1246 3877 coactus

110 3922 158 3977 911
181 3914 416 3998 (commutare).
440 3913 515 3980 Sen.
532 3923 583 4002 ep.
600 3915 650 3995 78,
669 3915 708 3979 12
729 3923 795 3979 tam
819 3916 917 3979 miser
931 3925 981 3979 est
995 3914 1133 4001 quisque
1148 3936 1245 4000 quam

110 4015 210 4082 credit
231 4018 391 4102 (199119).
436 4016 489 4080 Do
507 4015 630 4104 jedoch
651 4017 764 4081 audire
785 4014 854 4081 und
876 4017 972 4100 tepere
999 4025 1079 4081 statt
1106 4016 1165 4080 mit
1186 4015 1246 4080 der

110 4116 311 4202 Prtiposition
334 4117 475 4185 (1911111
498 4119 558 4183 mit
579 4118 653 4183 dem
676 4119 854 4183 Accusatia⁷
877 4117 935 4182 der
958 4117 1081 4182 Person
1102 4118 1244 4182 verbun-

110 4217 173 4282 den
198 4220 339 4303 werden,
370 4242 405 4285 so
435 4219 477 4286 ist
504 4219 559 4284 bei
586 4220 684 4284 ihnen
717 4221 814 4284 keine
845 4218 971 4304 Ellipse
1004 4243 1045 4284 zu
1073 4219 1243 4305 stptuiren,

112 4341 141 4381 z.
165 4319 203 4383 B.
224 4320 290 4386 Cic.
313 4322 354 4387 de
377 4343 423 4389 or.
449 4324 476 4403 1,
499 4322 541 4386 60
562 4320 720 4408 multique
750 4329 894 4386 oratores
918 4320 1066 4404 fuerunt,
1094 4329 1130 4385 ut
1151 4319 1243 4385 illum

111 4419 290 4506 Scipionem
311 4424 463 4490 audimus
487 4433 520 4489 91
540 4421 706 4504 Laelium,
728 4423 783 4509 qui
807 4431 864 4488 ott.
893 4423 982 4487 acad.
1010 4423 1043 4504 2,
1067 4425 1096 4505 1,
1120 4422 1140 4488 3
1162 4445 1242 4510 quos

110 4519 250 4606 legisset.
