3034 5142
740 343 888 409 -292
931 380 971 392 -

281 518 352 562 eum
374 497 518 564 omnium
541 498 671 580 artium,
695 517 779 583 quae
800 495 844 560 ad
866 505 987 561 rectam
1017 496 1153 561 vivendi
1176 496 1260 560 mam
1281 493 1405 580 pertine-

281 607 355 663 rent
380 600 575 686 (pertinent)
605 599 689 664 ratio
718 607 751 662 et
778 596 954 686 disciplina
982 598 1092 662 studio
1114 597 1305 685 sapientiae,
1336 616 1407 682 quae

280 700 488 788 philosophia
510 702 642 782 dicitur,
665 701 885 766 contineretur
908 704 963 783 (st.
991 701 1227 781 contineatur),
1257 703 1314 764 hou
1338 696 1407 760 mihi

282 801 409 868 Latinis
433 802 551 870 litteris
574 800 804 867 illustrandum
825 801 952 888 putavi.
980 823 1012 864 n.
1036 800 1069 866 d.
1091 800 1121 885 2,
1144 801 1196 884 27,
1220 801 1259 868 67
1286 819 1408 884 cumque

282 906 316 968 in
339 905 490 971 omnibus
513 905 611 970 rebus
634 905 700 967 vim
724 901 883 968 haberent
904 904 1080 968 maximam
1103 905 1210 990 prima
1224 912 1256 967 et
1270 910 1408 977 extrema,

282 1007 462 1094 prinoipem
492 1007 525 1070 in
554 1005 766 1072 sacrificando
789 1005 910 1070 Janum
939 1027 1012 1070 esse
1038 1004 1224 1070 voluerunt.
1248 1005 1278 1088 2,
1298 1003 1347 1084 31,
1367 1001 1409 1078 80,

281 1130 332 1172 wo
353 1109 529 1174 videremus
549 1106 618 1172 und
639 1109 775 1173 inessent
795 1128 884 1171 awar
904 1107 1138 1190 grammatisoh
1161 1104 1339 1192 regelreeht
1357 1112 1410 1168 ste

280 1208 356 1292 hen,
378 1211 459 1275 aber
481 1211 533 1274 ein
556 1210 716 1274 Praesens
739 1217 914 1274 vertreten.
940 1231 972 1294 p.
995 1207 1091 1273 Rosc.
1104 1209 1179 1273 Am.
1201 1208 1255 1291 50,
1280 1208 1334 1270 147
1349 1227 1410 1269 cum

280 1320 407 1398 patrem
431 1308 647 1376 clarissimum
669 1349 710 1359 —
739 1309 890 1394 haberet,
924 1319 1050 1393 tamen,
1083 1331 1156 1376 oum
1185 1319 1275 1376 esset
1300 1306 1410 1387 mulier,

282 1412 421 1499 perfecit
443 1423 480 1478 ut
502 1451 544 1462 -
566 1412 719 1478 redderet
743 1413 807 1498 (wo
830 1412 884 1476 die
906 1411 1102 1499 lmperfeota
1123 1412 1250 1478 habaet
1271 1411 1335 1477 und
1349 1412 1412 1475 essel-

281 1537 343 1581 nur
365 1537 479 1602 wagan
494 1515 554 1580 der
568 1513 745 1600 folgenden
760 1513 942 1580 Praeterita
957 1513 1083 1596 stehen,
1105 1513 1149 1578 im
1167 1513 1332 1599 Uebrigen
1346 1511 1411 1575 aber

283 1637 350 1680 von
371 1615 430 1682 der
452 1617 651 1702 Gegenwart
672 1614 791 1700 gelten.

365 1719 397 1784 5.
420 1718 535 1784 Cicero
558 1717 637 1804 geht
658 1717 763 1782 hierin
787 1739 822 1781 so
846 1719 933 1798 weit,
957 1719 1033 1784 dass
1050 1739 1085 1782 er
1099 1717 1148 1783 oft
1163 1740 1226 1783 nur
1242 1737 1352 1803 weges
1364 1715 1413 1776 der

282 1819 336 1884 bei
363 1820 430 1884 ihm
457 1817 623 1884 beliebtcn
654 1817 931 1884 stilistischen
959 1818 1348 1905 Gleicbfbrmigkeit
1369 1813 1412 1880 die

281 1921 444 2007 Tempora
464 1921 533 1985 und
557 1920 648 1985 Medi
672 1921 761 1985 eines
780 1921 1004 1987 Nebensatues
1026 1919 1124 1985 nach
1147 1923 1278 1987 einem
1299 1923 1336 1984 in
1355 1918 1412 1984 der

280 2022 391 2088 Nthe
413 2020 637 2088 stehenden
665 2021 1030 2088 Verbalausdruok
1060 2021 1178 2106 w'ahlt,
1211 2023 1298 2088 ohne
1319 2017 1413 2087 Ruel-

281 2125 367 2192 sieht
389 2124 448 2190 auf
467 2125 526 2189 das
548 2123 799 2210 grammatische
822 2122 1040 2190 Verha'ltniss.
1084 2124 1165 2190 Dies
1187 2126 1232 2190 ist
1254 2124 1347 2190 nieht
1365 2117 1414 2184 sel·

281 2236 334 2293 ten
358 2248 421 2293 von
445 2226 509 2291 den
524 2225 778 2312 Herausgebem
794 2223 960 2290 verbannt
974 2226 1118 2308 worden,
1142 2225 1245 2291 findet
1266 2225 1338 2290 sicb
1350 2225 1416 2289 aber

281 2330 316 2392 in
338 2327 516 2413 folgenden
539 2326 677 2393 Stellen:

366 2452 396 2494 a.
441 2427 742 2495 Relativstttze:
778 2431 876 2496 Tusc.
902 2432 931 2512 1,
957 2430 1005 2509 16,
1032 2431 1073 2496 37
1103 2439 1297 2517 tantumque
1327 2428 1417 2492 valuit

283 2553 437 2598 error-
459 2540 511 2614 ut,
544 2553 681 2619 corpora
711 2541 853 2596 cremata
881 2553 953 2595 cum
981 2533 1120 2614 scirent,
1154 2543 1266 2597 tamen
1296 2554 1334 2596 ea
1357 2529 1416 2592 ficri

281 2633 370 2722 apud
393 2633 516 2698 inferos
539 2632 709 2718 fingerent,
732 2623 814 2720 quae
837 2634 907 2698 siue
929 2633 1120 2719 corporibus
1136 2654 1195 2698 nec
1210 2633 1281 2699 lieri
1298 2639 1417 2722 possent

280 2743 335 2819 (st.
361 2736 514 2823 possunt)
548 2756 608 2799 nee
642 2735 793 2820 intelligi.
830 2735 862 2818 3,
885 2735 936 2816 33,
960 2735 1002 2799 80
1029 2745 1065 2800 tu
1099 2736 1184 2800 enim
1212 2734 1254 2799 de
1282 2735 1415 2822 sapiente

280 2841 481 2926 quaesieras,
504 2836 556 2900 cui
579 2846 636 2901 aut
657 2837 779 2902 malum
801 2836 910 2902 videri
932 2836 1057 2901 nullum
1079 2846 1202 2925 potest,
1225 2836 1315 2925 quod
1336 2845 1416 2899 vacet

281 2939 497 3027 turpitudine,
520 2948 577 3002 aut
598 2941 646 3003 ita
667 2961 805 3025 parvum
828 2938 960 3018 malum,
983 2948 1021 3004 ut
1043 2937 1078 3004 id
1096 2941 1255 3005 obruatur
1269 2936 1416 3027 sapientia

279 3045 402 3129 vixque
423 3049 595 3127 appareat,
624 3042 681 3127 qui
712 3039 793 3105 nibil
822 3041 974 3128 opinione
995 3040 1133 3127 affingat
1155 3051 1362 3128 assumatque
1380 3035 1415 3101 ad

236 3141 240 3148 ⁴
281 3141 519 3228 aegritudinem
542 3163 603 3205 nec
625 3141 660 3206 id
681 3153 775 3229 putet
797 3153 854 3208 ctt.
904 3143 958 3206 Da
985 3141 1056 3207 hier
1077 3142 1137 3207 der
1158 3141 1258 3208 letate
1280 3140 1413 3208 Relatis·

282 3254 352 3310 satu
376 3243 451 3308 dem
474 3253 584 3307 ersten
606 3243 681 3327 (mit
697 3245 812 3330 potest)
834 3243 1091 3331 correspondirt,
1121 3267 1156 3309 so
1179 3253 1304 3309 mt'rsste
1325 3267 1359 3308 er
1378 3243 1414 3305 im

280 3345 446 3413 Iudicativ
470 3344 583 3408 stehen
606 3345 672 3409 und
695 3347 739 3411 ist
761 3344 851 3411 nicht
873 3346 921 3412 als
945 3345 1056 3411 causal
1080 3349 1136 3431 (=
1151 3347 1272 3434 quippe
1295 3347 1360 3431 qui)
1381 3365 1415 3406 zu

280 3450 403 3516 fassen.
426 3445 467 3512 de
489 3467 558 3532 rep.
581 3447 610 3528 2,
635 3447 665 3528 l,
691 3447 729 3510 12
747 3446 905 3514 Romulus
927 3448 969 3512 ad
992 3447 1186 3514 firmandam
1208 3469 1326 3514 novam
1346 3445 1415 3512 oisi-

281 3562 381 3619 tatem
408 3570 530 3614 novum
558 3547 722 3635 quoddam
750 3560 784 3614 et
811 3551 1005 3636 subagreste
1033 3549 1205 3616 consilium
1236 3587 1274 3598 -
1298 3557 1417 3614 secutus

282 3665 342 3746 est,
365 3674 439 3718 oum
462 3650 601 3716 Sabinas
622 3687 665 3700 --
687 3672 770 3738 quae
786 3651 923 3716 Romam
945 3649 1095 3716 ludorum
1118 3651 1228 3736 gratie
1250 3654 1415 3727 venissent,

170 3761 174 3770 '
280 3776 361 3842 quos
388 3762 456 3818 tum
484 3754 624 3840 primum
650 3754 893 3818 anniversarios
922 3753 954 3817 in
983 3753 1069 3818 circo
1098 3753 1207 3817 faeere
1232 3753 1412 3825 insenos,

280 3853 500 3920 Consualibus
523 3855 595 3940 rapi
618 3855 723 3918 iussit.
769 3854 852 3919 Hier
874 3856 917 3920 ist
938 3876 1025 3920 uwar
1048 3853 1107 3920 der
1122 3865 1208 3920 erste
1224 3854 1414 3920 Relativsau

281 3957 354 4040 (mit
378 3958 559 4039 venissent)
582 3954 677 4019 Tbeil
706 3957 766 4020 der
793 3955 972 4022 indirecten
995 3955 1105 4038 Rode,
1135 3955 1194 4020 der
1224 3955 1320 4022 letate
1343 3953 1416 4016 aber

279 4061 377 4124 nicht.
401 4059 433 4138 2,
456 4057 509 4137 29,
537 4058 577 4121 51
607 4080 708 4145 qnare
736 4059 842 4145 prima
870 4061 913 4124 sit
940 4059 1021 4124 baec
1052 4059 1157 4123 forma
1184 4068 1217 4123 et
1244 4059 1360 4147 speeies
1386 4060 1414 4116 et

281 4163 373 4246 origo
395 4159 540 4248 tyranni,
563 4160 699 4226 inventa
721 4161 817 4227 nobis
840 4161 873 4223 in
895 4183 933 4224 ea
955 4181 1035 4248 rep,
1059 4181 1156 4246 quam
1171 4161 1334 4249 auspicato
1354 4155 1414 4220 Ro·

280 4260 387 4327 mulus
403 4260 598 4343 condiderit,
622 4284 686 4326 non
702 4263 736 4326 in
753 4261 820 4343 illa,
839 4285 952 4350 quam,
975 4273 1012 4327 ut
1030 4263 1222 4350 perscripsit
1237 4260 1335 4342 Plato,
1355 4255 1413 4320 sibi

280 4363 352 4450 ipse
375 4363 526 4428 Socrates
550 4400 589 4410 —
614 4363 811 4451 depinxerit.
845 4363 909 4428 Die
933 4363 1049 4429 beiden
1073 4363 1196 4429 letzten
1212 4359 1415 4451 Conjuuetire

280 4464 354 4532 sind
387 4463 480 4531 nicht
511 4473 596 4530 etwa
629 4465 832 4546 consecutio,
866 4467 1007 4530 sonderu
1040 4463 1218 4532 schliessen
1251 4464 1315 4530 sich
1346 4461 1413 4525 dem
