3034 5142
557 427 786 490 -261-

116 579 259 643 liberatus
283 580 336 644 sit.
375 580 441 642 nu.
465 579 495 662 1,
511 578 575 660 ’1,7
599 587 633 642 at
656 575 737 641 illud
761 577 910 641 omnibus
933 577 1152 665 (exploratum
1171 581 1243 660 est),

114 681 136 742 si
159 681 229 744 boni
253 681 332 746 vieti
355 681 431 760 sint,
454 702 514 744 nee
536 680 571 742 in
587 678 687 743 eee'de
702 679 886 766 principum
903 679 1142 744 clementiorem
1160 679 1245 745 hune

115 781 177 845 fore
195 804 251 846 nee
273 791 330 846 ett.
360 783 389 864 7,
412 781 441 862 8,
465 780 486 844 4
508 782 555 844 sie
579 782 664 850 enim
687 781 868 861 existimat,
899 783 926 844 si
949 779 1005 845 ille
1034 779 1086 844 vel
1110 781 1244 846 dimisso

113 883 248 948 exercitu
272 882 384 948 consul
409 882 513 948 laetus
536 884 588 962 sit,
612 880 779 965 σύγχυσιν
800 886 860 964 τῆς
882 884 1050 958 πολιτείας
1071 882 1151 950 fure.
1182 882 1245 946 Mit

115 985 249 1049 Unrecbt
272 983 358 1048 nieht
381 984 519 1069 Madvig
541 985 599 1049 Gr.
624 984 731 1064 §.379
753 982 836 1047 auch
862 983 1002 1066 111115,
1029 984 1055 1064 l,
1079 983 1242 1065 3hiel1er,

113 1109 155 1150 ue
173 1089 278 1168 feeerit
300 1085 359 1149 der
382 1085 580 1171 Oenjunetiv
604 1085 659 1148 des
682 1083 850 1168 logisehen
873 1085 1019 1150 Perfeets
1042 1087 1095 1150 ist.
1121 1086 1245 1151 -Nur

112 1189 164 1252 ein
199 1186 267 1252 Mal
311 1188 368 1252 hat
405 1189 520 1252 Cicero
563 1195 642 1250 stutt
683 1187 744 1250 'der
781 1187 995 1251 Perseetform
1024 1187 1117 1250 einen
1146 1189 1243 1252 1111111-

113 1289 209 1353 lichen
234 1290 434 1377 Conjunetiv
459 1289 515 1353 des
544 1289 678 1353 aweiten
703 1287 895 1353 Futumms:
923 1289 966 1352 ad
989 1289 1067 1354 lam.
1096 1289 1126 1369 6,
1152 1291 1200 1372 12,
1224 1293 1244 1354 3

110 1413 162 1456 nee
183 1391 297 1457 dubito
320 1392 410 1478 quin,
433 1389 561 1476 legente
583 1398 615 1454 te
638 1389 697 1454 hus
720 1388 857 1473 litteras,
880 1391 1017 1472 confecta
1039 1392 1104 1454 iam
1127 1413 1178 1454 res
1192 1394 1244 1473 su-

111 1497 177 1558 tura
197 1495 248 1558 sil.
327 1537 334 1545 -
1040 1545 1043 1552 .

186 1597 335 1660 Caesar
357 1595 388 1660 b.
412 1616 440 1660 e.
467 1597 494 1675 1,
517 1594 568 1674 26,
590 1594 611 1657 4
638 1615 836 1681 magnopere
865 1616 899 1658 ee
922 1592 1085 1660 confidere
1112 1593 1243 1659 demon-

110 1707 191 1779 strat,
215 1698 244 1761 si
268 1698 339 1761 eius
362 1697 409 1760 rei
432 1698 476 1761 sit
499 1704 642 1783 potestas
666 1696 762 1778 faeta,
786 1697 855 1762 fore
879 1705 915 1760 ut
939 1732 976 1744 -
999 1696 1042 1761 ab
1065 1695 1243 1760 armisdis-

109 1798 247 1862 cedatur.

184 1901 326 1966 Livius
349 1899 453 1986 praef.
479 1903 495 1963 1
520 1901 582 1964 sia
605 1899 782 1987 primordio
805 1901 896 1963 urbis
919 1921 971 1964 res
989 1898 1100 1987 populi
1117 1899 1155 1968 R.
1174 1922 1242 1986 per·
1299 1947 1304 1954 .

110 2003 297 2090 scripserim.
321 2003 373 2080 2l,
400 2003 448 2082 13,
472 2002 491 2066 8
515 2001 602 2066 haud
625 2001 774 2087 despexe,
798 2001 1029 2066 eumomniunr
1052 2012 1196 2088 potestas
1213 2005 1242 2067 ei

108 2102 252 2184 laetasit,
276 2101 400 2188 aliquid
424 2125 465 2167 ex
488 2103 538 2168 bis
561 2104 658 2168 rebus
682 2104 903 2167 remissurum.
926 2103 977 2182 44,
994 2104 1036 2166 22
1058 2102 1138 2168 illud
1155 2103 1242 2167 altir-

109 2227 189 2270 mare
218 2227 276 2292 pro
305 2215 393 2271 eertu
422 2205 525 2271 habeo
554 2204 735 2292 sudesque,
769 2227 820 2268 me
848 2207 934 2268 omni
963 2225 1025 2291 ope
1052 2204 1243 2270 adnisurum
1319 2250 1321 2254 -

108 2327 181 2388 esse,
205 2329 246 2371 ne
269 2307 393 2372 frustra
416 2329 475 2372 vos
498 2307 580 2372 hane
604 2329 694 2393 spem
718 2307 757 2371 de
780 2329 832 2370 me
854 2307 1079 2392 conceperitis.
1129 2312 1134 2324 '

185 2409 254 2472 Der
281 2408 481 2474 infinitiv
515 2410 572 2473 des
601 2409 674 2477 Fut.
705 2408 741 2472 ΙΙ
774 2409 818 2472 im
852 2408 995 2471 Passiv
1025 2408 1107 2474 wird
1140 2408 1242 2493 regel-

107 2510 190 2574 reebt
212 2508 371 2595 gebildet,
394 2509 456 2576 wie
479 2510 547 2574 Cic.
571 2511 670 2578 Taso.
693 2511 724 2593 3,
740 2510 781 2574 28
805 2508 990 2574 absolutam
1014 2510 1093 2576 lore.
1118 2509 1159 2574 ad
1177 2511 1242 2592 Qu.

109 2610 142 2673 lr.
164 2615 192 2694 3,
218 2615 234 2678 1
258 2612 439 2700 perfeetum
460 2611 540 2676 fore.
566 2611 660 2676 Caes.
683 2611 716 2675 b.
732 2634 763 2696 g.
786 2612 817 2693 4,
840 2621 858 2674 e
881 2611 951 2676 fore
974 2622 1098 2697 parata.
1121 2611 1241 2694 11112,

109 2712 304 2779 3410111101
326 2715 351 2778 f.
374 2715 406 2797 5,
428 2715 449 2777 2
471 2712 589 2777 illitum
612 2711 705 2796 123,
725 2715 762 2778 13
786 2712 1049 2800 debellatumque
1070 2736 1146 2778 mox
1162 2714 1242 2796 fore,

108 2815 132 2876 si
153 2817 254 2881 adniti
278 2814 411 2904 paulum
435 2813 625 2896 voluissent,
648 2816 814 2881 rebantur.
837 2817 873 2879 31
881 2864 890 2897 ,
910 2816 947 2878 13
971 2814 1171 2901 publicatam
1186 2838 1242 2902 pe-

108 2917 226 2982 cuniam
251 2918 331 2982 fure.

185 3019 420 3084 Weissenborn
443 3019 604 3099 bemerkt,
628 3018 716 3082 diese
739 3019 836 3082 Form
859 3017 990 3082 kornme
1013 3018 1055 3082 uf
1059 3029 1071 3082 t
1094 3038 1162 3083 vor.
1197 3021 1242 3082 Es

108 3118 182 3182 fehlt
202 3121 283 3185 aber
305 3120 381 3186 sehr
401 3142 443 3183 an
465 3119 620 3204 Belagen.
644 3121 726 3185 Vom
750 3120 979 3206 Deponens:
1006 3121 1073 3184 eie.
1097 3143 1128 3206 p.
1152 3120 1243 3186 Sulla

107 3219 192 3286 9me
213 3224 296 3286 satis
326 3222 480 3308 adeptum
509 3222 589 3286 fore.
633 3221 698 3284 Ein
727 3221 969 3308 Cenjunetiv
1003 3221 1089 3286 daza
1119 3223 1162 3286 ist
1188 3222 1243 3287 bei

107 3321 178 3388 Tne.
201 3347 276 3388 aun.
303 3327 332 3406 1,
355 3325 396 3390 33
418 3325 446 3387 ei
469 3345 577 3387 rerum
600 3323 723 3408 potitus
745 3323 839 3387 feret.

185 3430 214 3508 ἓ.
242 3427 312 3490 142.
358 3426 442 3490 Eine
470 3423 593 3490 seltene
615 3427 678 3489 Art
705 3423 995 3511 periphrastiseber
1022 3425 1243 3514 Oonjngatiun

109 3525 147 3591 ist
180 3527 237 3592 das
270 3528 453 3613 Particip
487 3526 554 3591 des
583 3527 780 3591 Praesens
809 3528 869 3590 mit
904 3527 1043 3592 Formen
1073 3550 1137 3591 von
1169 3547 1241 3592 esse.

109 3627 184 3694 Cato
211 3651 247 3692 r.
266 3651 291 3692 r.
321 3631 386 3714 prf.
416 3627 548 3694 minime
570 3665 613 3676 -
635 3628 718 3692 mule
748 3629 930 3713 rogitantes
958 3639 1043 3692 sunt.
1089 3629 1148 3693 Bel
1180 3629 1242 3692 rlen

110 3727 286 3794 Komilrern
308 3731 357 3795 ol't
378 3737 413 3796 ut
435 3733 480 3796 sis
500 3733 617 3796 seierus:
640 3729 745 3796 Plaut.
762 3730 859 3794 Poen.
881 3732 910 3831 5,
927 3732 957 3812 2,
976 3731 1026 3794 78.
1049 3730 1124 3794 Ter.
1138 3729 1241 3794 Andr.

108 3831 135 3909 3,
157 3833 188 3912 2,
210 3833 260 3896 28.
282 3833 314 3914 4,
338 3832 369 3915 4,
392 3833 434 3897 36
456 3832 522 3897 und
546 3831 641 3897 lister.
665 3871 705 3880 -
729 3832 809 3896 eie.
838 3833 878 3896 de
906 3855 951 3896 or.
980 3834 1010 3914 2,
1035 3833 1076 3895 89
1104 3843 1168 3895 tam
1192 3833 1242 3896 sui
1337 3823 1348 3838 ⁰

109 3929 284 4020 despiciens
307 3933 379 4001 fuit.
402 3935 434 4016 3,
457 3933 498 3998 26
522 3934 729 3999 inhaerentes
753 3956 824 3998 esse
846 3932 977 3999 debent.
1001 3933 1042 3996 de
1065 3957 1131 3998 sen.
1155 3935 1185 4016 8,
1202 3934 1243 3996 26

110 4041 143 4095 ut
162 4035 204 4098 sit
224 4057 360 4122 operosa
382 4047 414 4100 et
437 4058 564 4123 semper
585 4057 684 4122 agens
707 4034 843 4122 aliquid.
866 4036 948 4099 11.’11.
975 4039 1002 4116 1,
1019 4037 1060 4098 44
1083 4036 1139 4121 qui
1156 4033 1244 4098 nulla

111 4154 141 4196 re
162 4148 289 4220 egentes
313 4137 506 4222 (1111111νί111
529 4139 562 4201 in
586 4137 715 4222 einigen
738 4136 902 4201 Hndsebr.
926 4138 1169 4222 binzugel'iigt).

189 4237 266 4302 Bell.
290 4239 387 4324 Hisp.
416 4239 457 4303 29
480 4260 613 4303 currens
636 4251 715 4304 erat.
743 4238 831 4304 Ovid
854 4240 923 4302 her.
952 4241 996 4315 18,
1022 4240 1063 4304 55
1085 4260 1151 4302 uox
1175 4249 1243 4302 erat
1323 4301 1326 4306 .

112 4335 272 4426 insipieus.
296 4341 370 4405 Liv.
395 4343 425 4423 5,
449 4342 501 4422 34,
525 4341 545 4404 6
567 4342 653 4428 quod
676 4340 808 4427 quidem
831 4342 999 4405 continens
1024 4342 1177 4404 memoria
1201 4341 1244 4405 sit

113 4439 164 4519 (=
183 4443 368 4528 contineat).
392 4442 445 4524 28,
461 4443 513 4525 44,
534 4444 570 4506 11
594 4465 653 4507 nee
676 4443 717 4506 ad
742 4465 800 4507 vos
824 4443 988 4529 pertinens
1015 4443 1065 4506 sit.
1091 4442 1165 4508 Sen.
1191 4465 1241 4527 ep.

112 4541 158 4622 85,
181 4544 216 4606 lb
238 4547 264 4609 si
286 4545 384 4610 beuta
407 4544 477 4609 vite
500 4543 620 4610 nullius
644 4555 693 4609 est
715 4543 875 4631 indigens.
905 4543 989 4612 Gell.
1012 4547 1043 4630 5,
1068 4546 1098 4628 9,
1121 4546 1142 4610 5
1170 4565 1241 4608 currit
