3142 5144
618 465 827 532 —ssl—

138 655 233 698 orare
261 621 374 718 patres
403 634 616 717 conscriptos,
646 636 673 698 si
701 657 758 699 sua
787 636 886 700 classe
914 657 1032 718 suaque
1061 629 1167 719 opera‘
1180 639 1228 700 uti
1252 641 1293 700 ad
1338 613 1367 654 ⁸

141 735 390 799 Macedonicum
423 733 541 800 bellum
576 735 704 819 vellent,
745 737 911 801 mitterent
944 733 1018 818 ipsi
1033 737 1226 820 praesidium
1254 740 1294 801 ad

141 857 281 922 regnum
309 837 378 900 eius
407 836 462 918 (π
484 837 591 920 suum)
620 838 805 922 tutandum,
839 838 866 900 si
895 836 927 900 id
954 837 1093 920 nollent,
1121 838 1225 921 ipsum
1254 844 1294 902 ad

142 959 206 1000 sua
227 935 430 1002 defendenda
451 959 523 1002 eum
546 938 647 1002 alasse
669 938 1294 1023 111011101110011110111010101011111.

236 1040 267 1118 ξ.
289 1039 340 1102 35.
365 1037 432 1102 Das
453 1035 887 1122 Possessivpronomen
916 1039 1002 1103 steht
1024 1039 1193 1104 seheinbsr
1215 1043 1295 1102 statt
1337 1044 1342 1051 '

147 1141 239 1202 eines
261 1138 611 1222 Personalpronomens
635 1140 737 1221 (meus
759 1171 800 1195 =
822 1162 842 1203 a
863 1143 939 1224 me).
985 1139 1067 1205 cic.
1091 1141 1292 1224 11111.4,9,1

144 1241 220 1304 sine
249 1239 328 1304 meis
356 1240 471 1304 litteris
493 1262 566 1304 eum
589 1238 629 1303 ad
651 1243 684 1304 te
706 1241 813 1305 venire
834 1241 924 1305 nolui
947 1240 1067 1323 („ohne
1089 1241 1183 1306 einen
1206 1239 1294 1304 Briel

148 1362 215 1404 von
242 1341 350 1425 mir.“)
383 1343 432 1423 15,
464 1342 512 1423 ll,
541 1343 562 1404 4
590 1362 651 1425 ego
679 1363 843 1424 nunquam
871 1362 1062 1425 quemquam
1089 1343 1129 1406 ed
1158 1347 1200 1425 te,
1224 1363 1294 1406 10111

145 1441 260 1522 seiam,
283 1443 353 1504 siue
375 1441 455 1505 meis
478 1441 593 1506 litteris
615 1441 661 1506 ire
682 1443 799 1525 patiar.
823 1441 862 1505 ad
884 1443 952 1505 Au.
979 1446 1007 1525 1,
1033 1443 1072 1507 13
1094 1443 1203 1526 accepi
1224 1447 1295 1506 tuas

145 1542 208 1606 tris
237 1543 302 1604 iam
331 1543 494 1626 epistulas.
518 1545 547 1621 l,
569 1543 590 1606 5
611 1542 728 1607 multas
756 1565 820 1607 uno
848 1547 991 1626 tempore
1013 1543 1122 1626 accepi
1143 1543 1296 1626 epistulas

146 1647 231 1706 tuas.
263 1643 311 1722 12,
345 1643 384 1706 12
411 1646 446 1706 01
473 1642 597 1709 eliciam
624 1648 696 1707 tuas
724 1643 857 1708 litterae.
889 1645 980 1724 12,6
1009 1648 1182 1728 occupatus
1206 1665 1238 1708 es
1261 1645 1294 1706 in

146 1765 220 1808 meo
256 1743 386 1827 quidem
420 1741 555 1808 fortasse
583 1744 690 1828 aliquo
717 1745 861 1828 negotio,
889 1781 932 1791 —
961 1742 1040 1809 Liv.
1062 1745 1122 1828 231,
1150 1745 1191 1808 31.
1222 1766 1294 1809 oum

147 1843 277 1928 magnis
300 1844 419 1908 nostris
442 1844 584 1909 cladibus
607 1845 902 1930 („unsererseits“).

233 1949 266 2026 ξ.
290 1945 342 2008 36.
366 1943 481 2010 Noster
507 1949 588 2010 statt
614 1967 666 2029 ooo
695 1946 819 2010 kommt
847 1947 921 2011 sehr
949 1946 1051 2011 selten
1079 1945 1145 2011 und
1172 1969 1235 2010 nur
1262 1948 1293 2010 111

145 2045 331 2110 1011111101
352 2046 542 2132 Bedeutung
563 2069 636 2111 vor:
658 2047 764 2112 Plaut.
787 2047 869 2112 liud.
892 2048 923 2130 4,
948 2049 977 2129 7,
1003 2048 1041 2111 19
1071 2049 1212 2111 minume
1234 2047 1294 2110 hoe

146 2149 247 2212 faoiet
263 2151 374 2211 noster
388 2147 579 2212 Daemones.
624 2147 704 2212 Hor.
726 2152 785 2214 sat.
809 2151 840 2232 2,
863 2148 893 2230 6,
915 2149 956 2212 48
980 2149 1151 2213 subiectior
1172 2149 1207 2214 in
1229 2149 1295 2212 dies

144 2249 315 2314 ethoram
338 2249 476 2314 invidiae
497 2253 617 2314 noster.
737 2260 739 2264 '

494 2385 500 2394 ¹
521 2417 562 2483 D.
590 2417 927 2484 Demonstrativa.

237 2541 268 2618 ξ.
292 2538 344 2601 37.
367 2536 630 2602 Pleonasmus
657 2538 712 2601 des
734 2536 999 2603 Demonstrativs.
1043 2536 1080 2601 11
1101 2539 1218 2620 (selteu
1247 2539 1297 2603 110

143 2637 214 2702 und
248 2639 347 2722 idem)
380 2635 467 2702 steht
498 2638 713 2722 pleonatisoh,
748 2661 802 2702 um
835 2639 887 2702 ein
920 2639 954 2702 in
989 2639 1173 2704 demselben
1202 2640 1294 2704 Setae

143 2737 427 2823 roraulgehendes
455 2737 640 2803 Substantiv
667 2738 925 2803 hervorauheben
954 2740 1030 2804 oder
1060 2762 1099 2802 zu
1121 2743 1294 2804 vertreten:

143 2839 234 2906 Cic.
265 2841 342 2909 fam.
375 2839 423 2922 15,
445 2839 517 2923 2,1
546 2839 700 2924 Parthos,
729 2842 756 2904 si
786 2878 823 2888 -
853 2844 1062 2924 conarentur,
1090 2841 1150 2905 iter
1178 2861 1228 2905 eos
1255 2880 1296 2892 —-
1386 2825 1389 2834 Α

143 2964 217 3005 esse
247 2942 398 3005 fauturos.
443 2938 522 3004 Liv.
543 2943 577 3025 1,
602 2941 641 3004 19
668 2941 779 3006 urbem
801 2963 926 3025 novam,
950 2941 1113 3006 conditam
1135 2941 1165 3005 vi
1189 2945 1221 3004 et
1243 2963 1292 3004 ar-

142 3043 225 3124 mis,
260 3043 328 3106 iure
362 3063 432 3108 eam
465 3041 650 3126 legibusque
683 3063 720 3107 aa
752 3044 892 3107 moribus
925 3042 964 3106 de
998 3044 1123 3126 integro
1157 3041 1294 3106 condere

143 3147 251 3226 parat
284 3145 313 3225 1,
335 3143 378 3206 49
406 3141 538 3207 Octavio
570 3142 713 3209 Mamilio
744 3181 782 3190 —
814 3143 843 3208 ei
865 3143 1009 3207 Mamilio
1037 3143 1136 3206 filiam
1158 3148 1295 3226 nuptum

145 3244 214 3308 dat
239 3245 270 3327 3,
292 3243 335 3308 58
363 3243 527 3327 Claudius,
555 3245 609 3326 qui
632 3279 672 3292 -
696 3266 730 3308 se
752 3247 939 3328 contulerat,
968 3245 1076 3309 isatt.
1100 3245 1131 3327 5,
1155 3244 1195 3308 37
1219 3244 1293 3308 aivi·

144 3349 208 3424 tas,
239 3365 321 3427 quae
346 3381 379 3392 -
407 3344 548 3428 dixisset,
576 3365 614 3410 eo
635 3347 691 3408 att.
720 3345 749 3428 6,
777 3345 819 3410 26
847 3367 969 3428 paoem,
986 3367 1092 3429 ,quam
1121 3366 1181 3410 nos
1208 3367 1297 3429 prae-

145 3446 311 3528 stitimus,
344 3467 414 3509 eam
444 3467 463 3509 a
489 3445 578 3510 vobis
606 3447 752 3529 petimus.
776 3445 828 3528 29,
856 3446 894 3510 15
922 3446 1064 3510 colonias
1087 3445 1218 3510 Latinas
1241 3445 1296 3510 dn·

145 3545 288 3630 odecim,
318 3567 399 3629 quae
427 3586 468 3595 —
498 3547 685 3612 abnuissent
712 3546 830 3612 milites
859 3547 944 3630 dare,
972 3568 1025 3612 eos
1053 3549 1108 3610 att.
1139 3549 1169 3630 6,
1195 3547 1243 3630 19,
1265 3547 1295 3611 4.

145 3648 285 3732 Analog
313 3647 395 3712 eueh
416 3648 473 3712 das
495 3647 624 3712 Adverb
652 3669 701 3713 eo:
722 3648 774 3731 25,
796 3647 836 3711 27
866 3648 900 3711 in
928 3648 1014 3712 haud
1041 3669 1159 3732 magna
1181 3648 1297 3731 oppida

144 3787 188 3796 -
212 3769 248 3813 eo
271 3751 327 3812 ott.
351 3746 448 3834 (doch
470 3749 545 3814 liest
559 3747 738 3813 Weissenb.
761 3748 900 3834 andere).
945 3749 1046 3813 Nicht
1067 3749 1124 3812 auf
1143 3749 1194 3813 ein
1217 3747 1296 3814 Sub-

142 3849 281 3933 stantiv,
311 3847 451 3914 sondern
479 3848 535 3913 aul
553 3850 604 3914 lu'o
626 3849 897 3914 zuruokweisend:
916 3851 944 3933 1,
966 3850 1007 3913 26
1029 3848 1180 3931 huncine,
1203 3870 1295 3934 quem

143 3949 248 4015 modo
274 3987 324 4033 -ψ,
347 3971 418 4016 eum
441 3950 499 4014 sub
521 3951 612 4015 furca
633 3950 777 4014 vinetum
801 3954 857 4016 att.

238 4049 312 4130 Hie,
335 4052 392 4116 iste
414 4050 480 4116 und
502 4053 554 4117 illo
575 4050 714 4118 nehmen
737 4053 789 4116 ein
812 4051 1085 4138 voraufgehendes
1107 4054 1163 4134 qui
1177 4052 1296 4117 wieder

142 4151 215 4236 anf,
240 4151 317 4216 eber
338 4174 400 4216 nur
421 4174 476 4217 um
498 4152 590 4217 einen
614 4151 793 4237 Gegensata
815 4151 1089 4218 hervorauhebeu:
1119 4152 1186 4218 Oia.
1209 4152 1295 4238 legg.
1359 4209 1374 4222 .,

142 4257 179 4336 3,
203 4254 226 4316 2
250 4255 392 4340 eosqui,
421 4253 526 4317 atilli
550 4254 749 4337 caelestibus,
778 4255 824 4318 sia
845 4255 879 4318 lu'
901 4253 1107 4318 adversentur
1127 4254 1296 4339 magistra·

12 4421 20 4432 ,
142 4355 249 4420 tibus.
278 4377 309 4437 p.
337 4354 433 4419 domo
459 4355 502 4417 42
524 4377 586 4438 quo
609 4354 713 4438 magis
736 4357 784 4418 est
806 4356 894 4419 furor
915 4352 1007 4419 istius
1029 4355 1070 4420 ab
1093 4354 1221 4418 auribus
1246 4377 1295 4418 ve·

144 4455 228 4522 stris
262 4454 480 4540 repellendus,
509 4459 579 4538 qui,
615 4477 694 4540 quae
722 4456 858 4519 maiores
887 4495 929 4504 -
957 4456 1140 4540 voluerunt,
1176 4477 1213 4520 ea
1241 4456 1297 4518 isto

144 4597 189 4608 ·-
227 4555 446 4621 labefactavit.
487 4556 525 4621 de
557 4579 602 4623 or.
638 4557 677 4640 2,
713 4557 754 4621 30
789 4558 891 4644 10101,
927 4561 991 4641 qui,
1028 4561 1064 4622 ut
1098 4557 1222 4620 litterae
1257 4555 1296 4618 ad

1059 4659 1094 4712 5*
