3142 5144
744 369 976 463 ..148-

287 520 350 582 Ad.
381 521 413 602 4,
441 521 472 600 4,
500 520 553 584 26.
605 520 668 585 Mit
695 522 782 602 quis:
818 519 925 584 Plaut.
962 519 1081 584 Pseud.
1110 519 1197 602 5,1,
1224 519 1264 583 37
1305 519 1430 584 Simoni

286 621 404 685 edesse
431 643 484 685 me
511 623 583 708 quis
611 623 770 688 nuntiate.
819 621 919 687 Poen.
948 621 979 701 3,
1007 622 1038 703 3,
1067 621 1088 685 5
1116 620 1197 706 quid
1225 619 1278 684 hie
1306 625 1431 686 tantum

287 721 454 786 hominum
480 722 658 788 incedunt?
703 721 804 787 Stich.
833 723 865 803 2,
892 721 924 804 2,
952 721 994 785 46
1022 722 1106 786 alius
1134 721 1236 786 alium
1262 731 1431 806 perconta-

286 845 370 886 mur.
414 822 573 908 Weniger
588 821 776 904 euffellend,
798 843 893 886 wenn
907 822 966 888 der
981 821 1264 906 Collectivbegriff
1275 823 1308 885 in
1325 823 1431 886 einem

287 923 577 1008 voreufgehenden
605 924 702 989 Saue
730 923 897 990 enthelten
925 923 982 1004 ist,
1022 923 1084 987 wie
1112 921 1219 986 Pleut.
1248 921 1371 986 Pseud.
1404 925 1433 1007 l,

285 1023 316 1105 2,
339 1025 360 1088 2
382 1046 519 1110 quorum
543 1047 718 1111 numquam
736 1024 914 1111 quidquam
930 1025 1106 1109 quoiquam
1128 1023 1220 1087 venit
1240 1023 1273 1086 in
1288 1033 1431 1088 mentem

286 1134 323 1188 ut
349 1133 437 1190 recte
466 1126 605 1208 faciant,
636 1124 704 1190 und
734 1147 768 1188 so
797 1125 883 1189 tifter
909 1125 963 1189 bei
991 1125 1173 1211 quisquam.
1219 1123 1433 1188 Aussuhrlich

205 1216 207 1222 ’
285 1224 420 1290 handelt
456 1226 537 1292 tiber
570 1226 624 1291 die
656 1226 864 1302 Constructio
902 1225 945 1290 sd
982 1245 1113 1290 sensum
1150 1223 1298 1289 Holtze
1319 1224 1367 1288 11.
1400 1227 1432 1291 S.

288 1325 465 1392 198-200.
1240 1335 1247 1352 ⁶

371 1427 519 1493 Oieero
546 1427 676 1494 wendet
707 1427 798 1492 diese
819 1425 1037 1512 Verbindung
1060 1427 1134 1492 sehr
1165 1425 1268 1492 selten
1296 1448 1340 1491 an
1362 1426 1432 1490 und

285 1549 348 1592 nur
370 1527 476 1611 dann,
504 1551 600 1594 wenn
623 1528 761 1616 Subjeet
785 1527 850 1592 und
873 1527 1046 1593 Praedieat
1074 1529 1151 1593 weit
1180 1536 1334 1614 getrennt
1356 1527 1433 1592 sind

285 1627 365 1692 oder
392 1630 426 1693 in
454 1629 710 1695 verschiedenen
737 1630 859 1695 Stltzen
888 1629 1013 1693 stehen.
1065 1629 1108 1695 So
1140 1628 1278 1713 beginnt
1304 1630 1338 1692 in
1373 1630 1433 1692 der

284 1728 376 1794 Rede
404 1752 463 1816 pro
493 1730 612 1796 Flacco
640 1733 661 1812 ξ
685 1730 747 1796 104
770 1731 843 1794 eine
864 1729 1004 1796 Periode
1025 1730 1086 1794 mit
1107 1735 1218 1812 quotue
1239 1731 1323 1794 enim
1345 1733 1433 1811 quis-

284 1851 342 1912 que
370 1837 413 1897 ert
440 1835 508 1914 qui,
538 1855 572 1897 es
595 1831 706 1917 solgen
735 1831 806 1897 drei
835 1828 1074 1912 Relativstttze,
1103 1823 1207 1894 daun:
1236 1852 1310 1895 cum
1339 1828 1433 1895 illam

284 1931 371 1996 viam
394 1932 458 1997 sibi
479 1935 608 1998 videant
630 1931 868 2018 expeditiorem
882 1932 925 1996 ad
940 1931 1080 1997 honores
1103 1941 1137 1997 et
1157 1932 1324 1996 adomnia
1347 1953 1434 2018 quae

284 2035 549 2116 cumprimum?
579 2035 633 2099 off.
663 2033 694 2116 2,
720 2033 771 2116 12,
801 2035 842 2096 41
872 2053 945 2097 eum
973 2043 1177 2120 premeretur
1203 2033 1297 2098 initio
1323 2033 1434 2098 miuu-

283 2135 357 2198 tudo
379 2133 484 2198 abiis
513 2136 569 2221 qui
596 2136 737 2199 maiores
768 2154 845 2219 opes
875 2133 1058 2218 habebunt,
1086 2132 1129 2199 ad
1157 2155 1257 2198 unum
1286 2131 1433 2220 aliquem

283 2234 527 2321 confugiebant.
551 2235 607 2300 fin.
629 2236 695 2318 2,1
719 2257 794 2300 eum
815 2240 944 2316 uterque
967 2257 1019 2299 me
1033 2237 1216 2300 intueretur
1236 2255 1375 2320 seseque
1390 2234 1435 2298 ad

282 2333 482 2400 audiendum
505 2336 733 2421 significarent
753 2345 897 2423 paratos.
923 2337 951 2417 1,
975 2337 1006 2420 5,
1032 2339 1071 2401 16
1094 2357 1234 2423 quorum
1256 2345 1434 2420 utrumque

282 2435 413 2518 audivi,
442 2457 515 2500 eum
541 2436 620 2502 mihi
648 2437 730 2502 nihil
759 2458 838 2501 sane
859 2473 901 2486 ·-
924 2438 1113 2522 probarent.
1158 2435 1258 2502 Nieht
1286 2457 1329 2499 zu
1358 2457 1435 2500 ver·
1550 2479 1551 2528 l

282 2537 412 2602 meiden
434 2561 504 2603 war
526 2538 585 2603 der
606 2536 719 2602 Plurnl
740 2538 795 2602 bei
817 2540 892 2604 dem
913 2539 1094 2621 reciproken
1105 2537 1346 2619 Verhttltnisse,
1369 2539 1435 2602 wie
1550 2531 1551 2564 ³

283 2638 324 2703 de
360 2638 417 2702 fin.
451 2640 483 2721 3,
512 2639 542 2722 2,
572 2639 592 2704 8
624 2648 663 2704 ut
698 2640 778 2705 alter
814 2641 949 2706 alterum
987 2640 1183 2706 videremus.
1206 2677 1245 2687 -
1268 2639 1342 2702 Aut
1374 2637 1436 2702 der
1550 2645 1551 2658 ¹

287 2733 410 2824 Ellipse
432 2741 522 2805 eines
544 2740 738 2806 indefiniten
762 2741 960 2807 Pronomens
991 2740 1035 2805 im
1056 2739 1168 2805 Plural
1189 2739 1338 2804 beruhen
1361 2739 1433 2804 die·
1550 2757 1551 2776 ι

277 2841 414 2927 jenigen
444 2839 585 2923 Stellen,
620 2863 669 2906 wo
697 2843 820 2924 partim
858 2841 906 2908 uls
944 2841 1154 2907 seheinbares
1191 2840 1330 2928 Subjeet
1367 2841 1436 2905 den
1550 2853 1551 2922 t

279 2939 391 3006 Plural
412 2942 457 3006 im
480 2941 653 3008 Prttdiuate
674 2943 748 3008 het:
773 2942 814 3007 de
836 2965 883 3008 or.
906 2943 937 3028 2,
958 2943 1013 3027 22,
1029 2943 1071 3008 94
1093 2943 1153 3008 sed
1175 2964 1284 3008 eorum
1307 2941 1435 3028 partim

279 3042 314 3107 in
336 3065 473 3130 pompa,
501 3045 622 3130 partim
652 3046 687 3108 in
713 3045 784 3109 acie
810 3043 958 3110 illustres
991 3065 1065 3110 esse
1090 3043 1266 3109 voluerunt
1293 3044 1352 3129 (nu
1382 3065 1436 3108 er·

279 3153 407 3229 gtnzen
434 3144 478 3209 ist
505 3146 608 3227 aliqui
641 3145 720 3210 oder
753 3147 835 3210 zwei
862 3145 930 3210 Mal
960 3155 1042 3211 statt
1062 3147 1187 3229 partim
1219 3167 1262 3209 zu
1295 3144 1434 3210 denken
1550 3205 1551 3224 ,

280 3245 365 3329 atii).
389 3248 409 3326 ξ
432 3245 495 3310 308
518 3247 574 3311 sed
599 3268 712 3312 eorum
740 3247 862 3333 partim
889 3247 937 3310 ite
967 3247 1054 3312 levia
1082 3257 1220 3312 sunt-
1243 3247 1366 3332 partim
1394 3283 1433 3295 -
1550 3243 1551 3246 ’

279 3354 365 3410 sunt.
388 3347 420 3427 3,
443 3345 495 3430 21,
512 3347 573 3412 106
595 3369 732 3435 quorum
761 3347 883 3434 partim
905 3345 1031 3412 habent
1052 3348 1207 3413 vitiorum
1230 3357 1263 3412 et
1276 3357 1434 3433 peccato·
1550 3327 1551 3356 ¹

278 3467 351 3510 rum
379 3467 487 3510 aorem
516 3448 680 3533 quandam
703 3487 742 3499 -
766 3449 1014 3513 incusationem.
1046 3457 1128 3512 orat.
1159 3449 1269 3533 partit.
1297 3448 1352 3530 24,
1378 3449 1435 3514 86.

277 3549 312 3611 in
334 3547 448 3612 Vatin.
472 3547 501 3633 7,
526 3549 575 3614 16.
604 3571 697 3636 prov.
722 3571 809 3614 cons.
837 3549 887 3635 10,
909 3550 962 3614 24.
1006 3547 1092 3612 Phil.
1117 3547 1147 3630 8,
1173 3550 1224 3630 11,
1246 3548 1299 3612 32.
1324 3585 1369 3597 -
1393 3549 1435 3614 In

277 3649 331 3714 die
352 3649 459 3714 Lehre
482 3671 549 3716 von
571 3648 636 3715 den
657 3651 959 3716 Attributivsttzen
983 3649 1127 3734 geheren
1156 3647 1334 3734 eigentlieh
1360 3651 1435 3714 die·

274 3750 410 3838 jenigen
432 3749 539 3825 Fene,
563 3773 614 3816 wo
637 3751 695 3817 das
717 3749 849 3816 Relativ
881 3753 940 3816 mit
967 3749 1043 3814 dem
1064 3741 1219 3814 Pretieat
1247 3751 1292 3815 im
1315 3750 1436 3816 Plurnl

278 3850 348 3914 sich
379 3853 439 3916 auf
465 3853 575 3948 einen,
593 3853 638 3915 im
666 3852 875 3939 Hauptsatze
907 3851 1116 3918 enthaltenen
1145 3839 1439 3938 Colleetivbegriff

277 3949 389 4034 (penus
418 3953 503 4020 ,oder
538 3957 704 4038 numerus)
742 3953 887 4019 bezieht:
926 3953 967 4017 de
1005 3953 1061 4017 fin.
1095 3953 1128 4034 3,
1157 3951 1210 4037 21,
1241 3953 1283 4017 70
1319 3975 1364 4018 ex
1395 3975 1434 4018 eo

278 4052 333 4136 (=
362 4053 486 4138 eorum)
515 4075 650 4139 genere,
680 4075 763 4140 quae
791 4063 938 4141 prosunt.
969 4077 1001 4139 p.
1030 4052 1131 4118 Arch.
1163 4053 1214 4138 12,
1245 4054 1282 4118 31
1317 4075 1363 4118 ex
1394 4077 1434 4120 eo

276 4163 428 4241 numeru,
457 4155 513 4240 qui
542 4174 670 4242 semper
699 4156 786 4241 apud
816 4175 927 4220 omnes
956 4155 1061 4219 saneti
1088 4163 1165 4219 eunt
1193 4153 1299 4250 habiti
1328 4163 1435 4242 atque

277 4252 368 4318 dieti.
391 4253 454 4339 leg.
478 4276 548 4340 agr.
569 4255 601 4339 2,
627 4257 675 4338 14,
698 4257 738 4322 37
763 4279 805 4322 ex
829 4279 866 4321 eo
888 4277 1041 4341 numero,
1071 4257 1128 4342 qui
1156 4275 1216 4340 per
1244 4275 1299 4320 eos
1322 4277 1434 4322 annos

276 4354 425 4420 eonsules
447 4356 589 4425 fuerunt.
613 4357 704 4422 acad.
729 4380 777 4443 pr.
802 4357 844 4421 32
864 4358 907 4422 ab
930 4357 1114 4422 Academia
1120 4405 1130 4439 ,
1158 4355 1322 4442 aquibus
1345 4380 1434 4422 nun-

276 4477 373 4544 quam
401 4456 524 4522 dietum
547 4459 600 4525 sit.
625 4493 660 4506 -
691 4457 890 4523 Pltitzlicher
916 4457 1117 4546 Uebergang
1146 4479 1223 4522 zum
1251 4456 1431 4541 Singular:
