3142 5144
580 281 706 363 ,Ἢ
751 339 789 347 -

125 449 280 534 remittere,
303 451 454 518 behalten
479 451 535 513 dos
552 448 760 519 indefinitum
785 455 867 520 anch
889 455 933 518 im
950 457 1137 522 verneinten
1152 459 1261 525 Satze:

125 567 152 630 p.
174 547 240 614 Mil.
263 553 306 616 32
327 577 392 620 non
416 557 513 626 fuisse
541 556 634 628 credo
656 555 707 619 fas
729 595 771 606 -
793 556 969 642 parricidae
998 557 1117 641 aliquid
1140 561 1262 626 decoris

125 647 239 716 afferre.
264 654 318 718 fin.
348 658 378 740 2,
393 659 433 722 27
456 683 516 726 nec
544 660 788 728 diuturnitatem
804 657 929 742 quidem
946 658 1098 742 temporis
1114 660 1154 724 ad
1170 662 1261 746 beate

125 750 288 818 vivendum
304 756 424 842 aliquid
440 761 563 828 afferre.
588 763 627 828 de
650 785 695 827 or.
719 761 748 840 2,
772 759 814 825 35
836 778 876 822 ne
899 757 960 822 sibi
982 759 1036 823 ille
1056 760 1174 844 aliquid
1189 783 1261 845 pro-

125 850 210 917 ficere
239 855 391 924 videatur.
433 861 542 930 Caes.
572 865 604 929 b.
629 887 654 929 c.
678 864 709 947 3,
733 861 774 925 28
796 881 899 943 neque
926 881 964 923 ex
986 861 1123 945 pristina
1144 863 1261 927 virtute

124 953 343 1023 remittendum
366 961 486 1047 aliquid
508 968 711 1050 putaverunt.
756 960 949 1026 Lucceius
973 983 1024 1045 ap.
1048 960 1114 1027 cic.
1137 963 1212 1027 fam.
1229 965 1261 1042 5,

127 1060 171 1143 l4,
192 1061 213 1124 5
234 1061 320 1144 quod
342 1062 370 1126 si
391 1086 456 1129 non
471 1067 631 1150 possimus
652 1063 773 1148 aliquid
788 1062 941 1147 proficere
961 1062 1138 1128 suadendo
1161 1063 1259 1130 Cels.

128 1161 139 1222 l
161 1183 299 1244 prooem.
323 1184 425 1248 neque
448 1189 574 1252 semper
597 1166 770 1233 similitudo
792 1162 912 1248 aliquid
932 1163 1065 1228 confert.
1108 1162 1214 1229 Laut.
1227 1166 1262 1254 3,

127 1261 224 1346 16,11
247 1285 309 1328 nec
331 1267 445 1331 melius
468 1268 589 1353 aliquid
611 1269 747 1334 afferret.
1106 1255 1109 1262 ¹
1296 1251 1308 1270 ²

202 1361 263 1430 Die
286 1364 450 1452 Negotion
474 1369 574 1434 durch
597 1372 665 1436 siric
687 1365 916 1452 ausgedruekt:
941 1364 1018 1431 cic.
1042 1366 1095 1430 lin.
1118 1367 1183 1450 3,8
1206 1368 1260 1452 qui

123 1487 263 1531 maneam
281 1467 349 1532 fors
364 1473 560 1553 putaverunt
574 1473 644 1536 sine
657 1471 763 1554 aliqua
777 1467 960 1533 accessione
975 1467 1126 1530 virtutem
1142 1465 1260 1552 („ohne

124 1568 245 1652 einigen
262 1567 428 1653 Zusatz“).
454 1593 486 1635 n.
511 1571 541 1636 d.
569 1574 595 1656 l,
610 1572 653 1636 20
675 1570 758 1656 qnod
774 1570 848 1654 quia
862 1566 1128 1652 quemadmodum
1143 1571 1260 1632 natura

124 1669 242 1734 efficere
266 1669 336 1733 sine
359 1669 466 1755 aliqua
487 1677 594 1738 mente
616 1673 727 1757 possit,
751 1693 817 1735 non
839 1667 964 1734 videtis.
988 1668 1093 1733 Caes.
1123 1667 1153 1732 b.
1178 1689 1203 1732 c.
1227 1671 1258 1751 3,

125 1771 159 1834 13
180 1771 265 1854 quod
288 1769 414 1835 ltaliam
444 1773 513 1838 sine
536 1773 640 1858 aliquo
661 1774 790 1837 vulnere
813 1770 972 1855 cepissent
994 1767 1260 1854 („0hneei11igen

125 1869 288 1956 Verlust“;
312 1871 391 1936 doeh
416 1877 489 1959 sagi
503 1873 621 1940 Caesar
641 1872 821 1959 regelreoht
841 1874 908 1937 siue
929 1870 992 1935 ullo
1014 1871 1139 1935 cecinere
1160 1869 1207 1933 lb.
1230 1872 1260 1952 3,

124 1973 169 2055 ll,
190 1973 219 2036 2.
250 1972 282 2054 2,
305 1973 335 2055 9,
351 1973 417 2058 8).,

200 2071 249 2137 lm
273 2072 451 2157 Spitletein
472 2075 551 2140 wird
574 2075 629 2140 der
651 2073 821 2140 Gebrauoh
843 2095 905 2137 von
921 2074 1038 2155 uliquis
1053 2072 1096 2135 im
1111 2071 1258 2156 negirten

123 2173 209 2238 Satze
237 2172 323 2239 noch
350 2174 604 2260 gewirhnliehor,
634 2199 660 2241 z.
689 2175 726 2240 B.
756 2175 807 2239 bei
835 2175 974 2239 Lactunz
1005 2172 1092 2236 steht
1118 2195 1173 2238 uec
1199 2173 1260 2237 mit

123 2277 250 2358 alipius:
273 2276 303 2358 2,
326 2277 356 2360 8,
378 2277 430 2341 37.
453 2277 504 2341 44.
532 2279 562 2361 4,
585 2280 616 2359 3,
643 2279 669 2341 1.
691 2278 722 2361 4,
749 2277 797 2358 16,
821 2277 852 2340 3.
881 2275 911 2357 6,
935 2275 965 2356 8,
988 2275 1007 2338 8
1029 2297 1060 2341 u.
1090 2274 1183 2338 diter.
1206 2296 1260 2340 uec

123 2363 292 2460 aliquando
313 2377 343 2456 3,
366 2377 397 2460 9,
418 2379 448 2442 3.
471 2378 502 2460 4,
526 2378 574 2461 16,
601 2382 648 2444 ll.
672 2377 768 2461 6,18,
791 2378 820 2441 6.
851 2375 917 2440 Das
933 2376 1077 2440 stiirlrers
1092 2377 1260 2458 quisquam

123 2478 161 2540 ist
175 2477 269 2542 dabui
284 2475 375 2541 nicht
394 2477 668 2563 ausgeschlossen,
691 2481 750 2543 wie
772 2481 802 2561 4,
826 2479 857 2561 3,
881 2477 900 2542 8
922 2497 981 2542 nec
1003 2479 1112 2541 tamen
1133 2480 1261 2540 moveat
1395 2519 1399 2526 ·

122 2599 324 2662 quemquam,
352 2599 507 2664 wogegen
525 2581 554 2664 2,
570 2580 601 2664 8,
618 2581 657 2644 31
681 2601 740 2644 nec
761 2583 871 2644 tamen
894 2579 1091 2643 commoveat
1112 2577 1258 2661 aliquem.

122 2684 149 2762 4,
173 2680 223 2762 16,
247 2680 268 2744 3
290 2679 365 2762 quio
386 2701 445 2744 nec
460 2679 553 2744 datur
576 2681 722 2765 cuiquam
744 2703 805 2745 nec
827 2679 983 2763 aufertur,
1006 2676 1158 2741 wiihrend
1181 2677 1258 2743 lourz

123 2781 232 2845 vorher
254 2778 356 2844 steht:
385 2801 444 2845 neo
472 2781 557 2845 enim
584 2785 692 2865 potest
714 2780 832 2866 aliquid
860 2781 894 2845 in
916 2780 1011 2844 rebus
1033 2779 1168 2843 terrenis
1191 2801 1259 2844 esse

124 2881 310 2946 venerabile.
332 2919 373 2930 -
396 2881 495 2966 8ρὲ1ε
517 2880 711 2948 Historiksr:
741 2881 876 2966 Capitol.
906 2881 985 2946 Ant.
1009 2880 1068 2944 Plr.
1095 2881 1259 2964 luneque

123 2983 260 3048 alicuius.
283 2982 369 3047 Pert.
396 2983 433 3046 12
454 3005 618 3068 nunquam
639 3021 680 3030 -
703 2982 806 3047 alicui.
830 2983 934 3068 Spart.
956 2981 1044 3046 Pesc.
1070 2983 1109 3046 10
1130 3002 1197 3045 non
1218 3017 1260 3027 —

123 3084 247 3169 aliquid.
292 3083 411 3168 Htufig
439 3084 490 3148 bei
517 3083 656 3169 Eutrop:
686 3087 715 3166 1,
737 3085 757 3149 3
780 3085 848 3148 sine
877 3083 981 3167 aliqua
1008 3082 1258 3166 computatione,

122 3185 183 3250 und
211 3207 248 3249 so
278 3185 337 3249 mit
358 3187 442 3250 sine:
471 3187 501 3264 4,
527 3187 575 3251 17.
598 3186 628 3263 8,
651 3185 680 3250 6.
704 3185 734 3267 8,
758 3185 793 3269 83
815 3185 875 3248 mit
895 3205 1006 3267 oreque:
1029 3185 1059 3266 2,
1082 3183 1132 3246 22.
1156 3183 1186 3266 8,
1211 3183 1259 3248 13.

201 3287 236 3371 b)
264 3285 372 3351 Wsnn
405 3287 501 3350 zwei
533 3285 789 3372 Negationen
828 3285 912 3348 sich
953 3282 1171 3368 aufheben,
1204 3284 1260 3348 der

123 3385 270 3452 Godanlre
292 3387 358 3450 also
380 3379 533 3470 p'ositiv
554 3387 653 3469 wird,
681 3387 768 3450 kann
796 3408 857 3449 nur
884 3387 1001 3468 aliquis
1027 3385 1156 3450 stehen:
1180 3385 1258 3452 Oic.

123 3488 182 3553 inv.
206 3489 238 3568 2,
259 3489 299 3553 51
323 3508 390 3552 non
412 3509 474 3572 quo
497 3509 563 3551 non
584 3489 619 3552 in
641 3489 747 3573 eliqua
770 3487 996 3551 const'tutione
1017 3486 1121 3550 omnis
1136 3506 1260 3571 semper

122 3610 214 3653 causa
247 3591 397 3654 versetur.
436 3587 527 3652 Brut.
560 3589 603 3678 59
634 3610 729 3652 nemo
760 3589 793 3652 in
818 3587 924 3673 aliqua
948 3589 1040 3672 parte
1065 3609 1173 3651 earum
1195 3609 1259 3652 om·

121 3691 195 3753 nino
224 3689 306 3753 nihil
340 3693 476 3772 poterat.
505 3690 558 3754 tin.
600 3691 628 3774 1,
664 3689 702 3754 18
730 3709 790 3753 nec
823 3711 897 3753 vero
935 3689 1101 3773 quisquam
1144 3688 1259 3752 stultus

122 3813 183 3855 non
206 3790 320 3854 horum
351 3792 536 3856 morborum
568 3791 674 3875 aliquo
706 3789 842 3858 laborat.
874 3811 905 3873 p.
928 3789 995 3856 Mil.
1019 3791 1047 3868 1,
1070 3789 1091 3852 2
1117 3809 1183 3852 non
1203 3788 1260 3852 illa

122 3891 278 3975 praesidia
302 3927 346 3940 —
374 3913 440 3957 non
467 3893 605 3957 afferrmt
632 3896 741 3958 tamen
768 3891 884 3956 oratori
912 3889 1032 3974 aliquid
1063 3928 1102 3937 —
1129 3910 1171 3953 ne
1192 3911 1258 3953 non

122 3993 231 4056 timere
254 3993 381 4076 quidem
403 3994 472 4058 sine
495 3994 602 4078 aliquo
629 3994 753 4057 timore.
799 3990 889 4057 Brut.
915 3992 954 4056 14
976 4013 1016 4057 ne
1039 3990 1073 4055 L.
1096 3989 1258 4055 Valerium

122 4093 248 4178 quidem
278 4093 420 4159 Potitum
458 4093 594 4160 arbitror
627 4115 691 4158 non
725 4092 841 4178 aliquid
875 4093 1016 4176 potuisse
1050 4092 1194 4157 dicendo.
1219 4131 1256 4140 —

122 4193 177 4260 Oft
204 4194 287 4259 nach
314 4196 399 4260 siue:
424 4218 456 4280 p.
481 4195 584 4261 Deiot.
608 4196 628 4259 2
655 4217 721 4259 non
748 4195 817 4259 sine
839 4195 944 4278 aliqua
967 4215 1031 4277 spe.
1054 4216 1086 4257 n.
1110 4193 1139 4257 d.
1163 4193 1193 4276 2,
1217 4193 1258 4258 66

123 4317 214 4360 nemo
237 4296 285 4359 vir
306 4317 441 4381 magnus
464 4297 531 4361 sine
553 4297 660 4381 aliquo
682 4296 793 4361 afflatu
816 4295 922 4359 divino
938 4315 1078 4379 unquam
1101 4295 1171 4358 fuit.
1195 4293 1257 4358 div.

121 4399 150 4478 2,
175 4397 193 4461 1
218 4395 297 4462 nihil
319 4399 389 4462 sine
412 4397 519 4482 aliqua
541 4397 698 4482 probabili
721 4396 904 4462 coniectura
933 4417 969 4460 ac
992 4396 1115 4461 ratione
1137 4394 1256 4459 diormt.
