3034 5142
551 453 697 517 -att
742 491 783 502 —

116 602 187 669 alius
206 605 372 691 quisquam
393 627 484 670 arma
505 613 637 691 caperet
659 613 716 669 aut
730 591 847 670 castris
863 603 984 693 pellere
999 606 1126 672 hostem
1139 629 1236 674 oona·

115 717 200 786 retur,
222 706 315 770 etiam
338 707 408 793 ipse
429 728 489 771 rex
511 744 553 754 -
575 704 766 793 perfugerit
811 706 971 792 Htiufigar
992 707 1075 774 wird
1097 708 1168 773 dies
1191 710 1236 772 im

114 806 259 872 silbemen
280 807 348 872 und
370 815 486 894 spaten
507 808 638 873 Latein:
661 807 751 874 Suet.
775 808 870 875 Caes.
893 809 935 874 39
956 819 993 874 ut
1017 847 1053 860 -
1070 819 1237 876 manerent

114 909 401 995 -exanimatique
422 908 499 973 siut.
543 909 661 974 Ootav.
683 909 724 974 23
746 907 829 1000 adeo
855 919 1096 976 consternatum
1117 912 1237 996 ierunt,

113 1020 143 1074 ut
161 1048 197 1058 —
212 1020 308 1098 eaput
329 1010 492 1078 interdum
514 1009 640 1076 foribus
654 1008 800 1076 illideret
816 1049 855 1060 -
872 1013 1023 1100 diemque
1038 1012 1140 1079 cladis
1156 1037 1235 1100 quo-

113 1113 205 1176 tannis
226 1121 384 1176 maestum
405 1111 557 1177 habuerit
577 1133 616 1176 ac
639 1111 821 1198 lugubrem.
866 1113 954 1178 Nero
969 1115 1011 1180 25
1032 1125 1159 1180 tantum
1180 1109 1235 1180 ab?

113 1211 165 1278 fuit
182 1235 201 1276 a
220 1212 416 1278 remittendo
438 1212 645 1301 laxandoque
668 1213 776 1280 studio
799 1224 835 1280 ut
858 1253 898 1264 -
919 1237 1024 1302 neque
1041 1215 1163 1283 milites
1178 1239 1238 1282 un·

112 1335 196 1400 quam
215 1315 278 1379 nisi
299 1313 471 1380 absens—
487 1314 667 1402 appellaret
688 1337 794 1402 neque
816 1314 994 1402 quidquem
1017 1320 1102 1383 serio
1123 1320 1240 1385 iooove

111 1417 200 1498 egerit
227 1415 291 1480 nisi
319 1454 361 1466 —
387 1415 564 1506 multisque
591 1415 646 1482 vel
674 1416 853 1483 amicitiam
883 1439 976 1482 suam
1003 1418 1159 1485 obtulerit
1185 1419 1239 1485 vel

111 1515 293 1584 simultatem
314 1519 492 1584 indixerit..
525 1516 639 1584 Vitell.
664 1519 682 1582 7
705 1528 833 1584 constat
856 1521 985 1584 exituro
1003 1519 1159 1584 viaticum
1182 1521 1237 1585 de·

111 1616 199 1684 luisse
219 1629 308 1684 tanta
329 1628 475 1706 egestate
496 1621 544 1686 rei
557 1618 739 1698 familiaris,
763 1629 800 1684 ut
817 1657 854 1668 —·
871 1619 1003 1685 domum
1023 1622 1058 1685 in
1080 1619 1239 1708 reliquam

110 1729 221 1801 partem
241 1722 318 1785 anni
342 1719 508 1787 ablocaret
528 1730 680 1809 utque-
700 1723 854 1786 unionem
876 1721 1108 1808 pigneraverit.
1133 1721 1237 1788 Flor.

109 1821 135 1904 2,
156 1823 200 1902 12,
221 1823 240 1888 8
264 1824 357 1888 ouius
379 1822 540 1888 adventus
563 1823 633 1908 ipse
655 1820 737 1886 adeo
760 1821 916 1888 terribilis
939 1823 1012 1908 regi
1032 1823 1110 1904 fuit,
1133 1831 1169 1888 ut
1191 1823 1237 1888 in·

109 1932 216 1990 teresse
236 1945 302 1990 uon
323 1924 472 2005 auderet,
500 1924 559 1990 sed
581 1923 727 2008 gerenda
749 1923 886 1990 ducibus
915 1923 1002 1988 bella
1024 1925 1237 1991 mandaverit.

110 2023 233 2090 lustin
256 2026 304 2104 12,
332 2027 380 2090 14=
402 2026 494 2089 cuius
522 2027 640 2090 veneni
663 2035 754 2090 tanta
777 2026 827 2089 vis
850 2025 930 2110 fuit,
954 2033 1077 2092 utnon
1099 2047 1174 2090 aare
1195 2063 1237 2076 -

109 2129 314 2192 contineretur
346 2147 407 2190 neo
439 2125 534 2191 aliter
566 2125 646 2190 ferri
678 2127 742 2192 uisi
768 2128 804 2192 in
832 2125 956 2212 ungula
983 2128 1057 2212 equi
1085 2127 1237 2213 potuerit.

109 2225 226 2314 Spart.
249 2228 326 2298 Did.
349 2227 418 2294 Jul.
440 2230 461 2293 3
483 2237 592 2294 tantae
615 2228 831 2314 parsimoniae
854 2229 956 2294 luisse
979 2229 1178 2314 perhibetur,
1201 2239 1238 2294 ut

108 2351 157 2413 per
181 2328 322 2396 triduum
349 2327 543 2417 porcellum,
577 2349 635 2416 per
667 2328 811 2394 triduum
833 2328 976 2416 leporem
997 2329 1178 2412 divideret,
1208 2331 1238 2396 si

109 2433 170 2516 quis
191 2433 220 2496 ei
243 2433 328 2496 forte
350 2432 503 2513 misisset,
527 2452 624 2517 saepe
646 2441 755 2496 autem
776 2468 818 2480 -
846 2433 916 2496 sine
939 2453 1037 2498 carne
1059 2433 1237 2497 conaverit.

108 2530 150 2596 ld.
170 2532 253 2600 Geta
276 2534 296 2598 6
317 2529 412 2598 multi
435 2530 492 2596 alii
514 2533 701 2619 interempti
723 2541 800 2598 sunt
822 2569 861 2582 -
885 2535 931 2598 ita
952 2543 988 2600 ut
1009 2542 1044 2598 et
1064 2535 1098 2597 in
1119 2533 1237 2600 balneo

108 2643 135 2698 et
153 2633 182 2700 in
204 2634 333 2720 publico
355 2643 612 2720 percuterentur,
634 2634 835 2721 Papinianus
857 2636 927 2723 ipse
943 2636 1049 2700 securi
1064 2657 1237 2722 percussus

107 2736 151 2800 sit.
191 2735 368 2823 Capitol.
396 2736 476 2800 Ant.
503 2735 563 2800 Ph.
593 2737 611 2800 7
639 2736 873 2802 aestimationis
901 2745 1024 2802 tantam
1047 2757 1158 2802 euram
1180 2737 1235 2802 ha-

107 2834 178 2919 buit,
199 2848 235 2903 ut
256 2847 289 2904 et
310 2847 536 2924 procuratores
565 2859 641 2904 suos
670 2860 751 2924 puer
778 2859 907 2924 semper
928 2847 1074 2902 moneret
1094 2859 1136 2902 ne
1158 2840 1236 2924 quid

107 2940 298 3024 arrogantius
321 2938 478 3022 lacerent,
503 2949 535 3002 et
556 2937 755 3003 hereditates
778 2937 903 3003 delatas
919 2938 1059 3004 reddens
1077 2941 1235 3026 proximis

106 3036 268 3127 aliquando
290 3041 463 3127 respuerit.
506 3039 557 3104 Id.
581 3039 682 3106 Gord.
706 3039 726 3102 6
749 3061 861 3106 socero
884 3062 943 3106 suo
959 3048 1086 3106 tentum
1109 3038 1235 3123 detulit,

107 3153 138 3205 ut
160 3143 192 3208 in
219 3141 377 3210 familiam
406 3143 477 3206 eius
506 3143 601 3227 quasi
622 3139 725 3208 filium
753 3143 912 3226 migrasse
940 3141 1166 3224 recrederet,
1199 3153 1260 3208 ut.

107 3265 259 3332 nunquam
287 3265 361 3310 cum
390 3264 428 3306 eo
456 3243 590 3325 laverit,
623 3263 790 3330 nunquam
817 3241 874 3308 illo
906 3253 1077 3328 praesente
1104 3243 1236 3309 sederit.

107 3343 248 3434 Lampr.
271 3345 397 3412 Corum.
428 3345 467 3410 13
495 3346 615 3410 virium
643 3343 686 3408 ad
713 3344 930 3410 conficiendas
957 3346 1044 3410 feras
1071 3355 1235 3412 tantarum

109 3443 172 3528 luit,
194 3457 230 3512 ut
250 3446 460 3534 elephantum
483 3456 578 3512 conto
606 3445 812 3531 transfigeret
834 3455 866 3510 et
888 3447 999 3532 orygis
1022 3467 1121 3512 cornu
1143 3447 1237 3514 hasta

108 3548 307 3614 transmiserit
330 3558 364 3612 et
386 3545 523 3633 singulis
538 3547 659 3614 ictibus
676 3548 778 3612 multa
791 3547 881 3614 milia
895 3548 1038 3612 ferarum
1052 3549 1234 3614 conficeret.

108 3647 256 3738 Eutrop.
280 3653 310 3732 l,
334 3650 375 3714 21
398 3659 510 3714 tantae
531 3648 700 3715 civilitatis
724 3648 797 3731 fuit,
819 3657 855 3713 ut
877 3647 1002 3715 nullum
1024 3650 1154 3714 omnino
1175 3671 1234 3733 pu·
1274 3657 1283 3666 '

107 3751 191 3834 niret,
213 3753 442 3818 convictos-
465 3751 695 3818 coniurationis
723 3751 771 3814 ita
797 3751 973 3835 dimiserit,
1001 3759 1038 3815 ut
1066 3751 1098 3815 in
1121 3750 1233 3816 eadem

108 3851 314 3920 familiaritate
336 3875 402 3938 qua
424 3862 522 3918 antea
543 3852 703 3918 babuerit.

181 3955 210 4020 2.
231 3955 345 4020 Durch
367 3954 644 4020 subordiuirte
667 3953 775 4020 Stttne.

181 4077 209 4121 a.
230 4055 444 4124 Gewbhnlich
466 4055 581 4121 stehen
603 4057 704 4138 diese,
727 4055 787 4121 der
809 4057 911 4142 Regel
939 4063 1080 4143 gemttse,
1102 4056 1143 4122 iu
1165 4077 1234 4120 un-

108 4153 278 4237 gleichen
301 4159 581 4244 Temporibus:
615 4157 682 4224 Cic.
712 4179 780 4246 rep.
809 4157 840 4239 2,
863 4158 894 4239 6,
926 4160 962 4221 ll
985 4168 1023 4222 ut
1043 4157 1089 4222 ita
1110 4157 1237 4222 munita

108 4276 160 4320 arx
181 4261 385 4328 circumiectu
407 4259 509 4324 arduo
531 4268 565 4324 et
587 4259 679 4346 quasi
701 4259 892 4326 circumciso
912 4279 992 4322 saxo
1006 4257 1176 4342 niteretur,
1198 4269 1236 4324 ut

110 4361 197 4424 etiam
217 4362 250 4426 in
270 4361 327 4428 illa
348 4370 541 4445 tempestate
563 4360 711 4426 horribili
734 4359 853 4426 Gallici
876 4358 1037 4425 adventus
1064 4358 1234 4426 incolumis

110 4469 196 4546 atque
217 4462 337 4530 intacta
357 4463 582 4550 permanserit.
626 4461 786 4547 Htufiger
807 4461 910 4546 hangt
931 4460 1128 4546 umgekehrt
1150 4483 1234 4528 vom

111 4557 257 4630 Perlect
278 4567 342 4630 eiu
364 4563 583 4654 Imperteet
606 4565 663 4630 ab:
687 4563 772 4628 Phil.
798 4562 845 4646 10,
869 4564 887 4628 7
911 4571 1038 4630 tantum
1054 4561 1232 4630 autumab-
