3050 5146
562 481 790 544 -219-

121 657 194 699 nune
216 641 369 700 statuere
384 657 448 700 non
463 634 618 722 potuisse,
643 641 749 698 utrum
768 671 805 680 —-
824 655 891 699 rem
913 657 956 698 an
978 633 1067 699 litem
1086 633 1150 698 dici
1166 655 1253 716 opor·

120 741 191 802 tcrd.
214 761 247 823 p.
272 735 363 801 Sulla
388 737 425 801 18
448 744 481 801 te
503 737 589 802 enim
604 735 757 800 existimo
772 735 834 800 tibi
849 735 1015 816 statuisse,
1038 733 1117 820 quid
1132 735 1254 800 iacien-

121 837 186 902 dum
208 847 354 926 putares.
377 837 441 924 leg.
457 838 545 904 Man.
569 838 599 919 9,
621 837 664 903 26
687 835 754 922 (10,
775 836 831 922 27)
846 838 931 902 setis.
941 835 1021 901 mihi
1037 834 1140 901 multa
1154 835 1257 902 verba
1278 842 1294 868 ²
1377 915 1380 921 Ι

120 940 227 1004 secisse
250 939 384 1024 videor,
415 962 515 1026 qnare
537 949 624 1005 esset
644 937 706 1004 hoc
728 936 849 1002 bellum
872 959 991 1024 genere
1013 938 1084 1024 ipso
1105 957 1255 1004 necessa·

120 1043 203 1106 rium.
248 1043 348 1108 Rosc.
371 1043 446 1108 Am.
465 1043 504 1107 14
526 1041 640 1106 eodem
662 1047 867 1105 revertamur
889 1049 921 1105 et
943 1061 1149 1127 quaeramus,
1172 1061 1256 1126 quae

119 1153 198 1209 tanta
226 1143 310 1209 vitia
337 1143 460 1210 fuerint
485 1145 521 1208 in
542 1143 638 1208 unico
660 1141 744 1224 filio,
773 1164 873 1227 quare
895 1132 925 1206 is
947 1141 1034 1229 patri
1056 1140 1253 1228 displiceret.

119 1267 169 1331 pro
189 1246 286 1311 domo
313 1248 348 1310 11
370 1253 406 1310 ut
428 1267 479 1310 me
504 1283 539 1294 -
565 1245 666 1310 etiem
688 1244 809 1332 pigeat,
830 1245 888 1331 qui
905 1283 944 1292 -
959 1264 1064 1331 neque
1086 1242 1254 1309 intellexe-

118 1348 186 1431 rim,
214 1348 335 1436 quibus
362 1356 420 1414 aut
447 1358 483 1414 ut
510 1346 632 1434 apertis
661 1346 802 1412 inimicis
828 1345 1020 1411 obsisterem
1042 1355 1099 1410 eut
1122 1355 1157 1411 ut
1179 1347 1255 1412 insi·
1378 1339 1386 1352 ⁸

119 1448 209 1514 dionis
243 1449 359 1516 amicis
393 1471 458 1515 non
491 1451 668 1514 crederem.
706 1448 760 1512 tin.
788 1449 826 1530 4,
855 1448 875 1513 6
902 1469 990 1512 nune
1017 1446 1186 1511 videamus
1214 1485 1255 1496 -

118 1550 226 1638 ecquid
249 1551 383 1617 modom
406 1549 569 1634 attulerit,
601 1573 699 1637 quam
721 1549 764 1615 ob
786 1571 854 1615 rem
875 1549 918 1615 ab
940 1549 1166 1615 inventoribus
1189 1549 1255 1614 dis·

117 1654 253 1720 sentiret.

192 1755 227 1822 b.
250 1754 576 1842 Haupttempora
604 1763 688 1820 trotz
718 1754 774 1819 des
802 1753 1018 1820 historischen
1040 1753 1188 1819 Perfects¹
1211 1754 1255 1819 im

117 1866 218 1921 ersten
241 1857 440 1948 Nehonem,
462 1856 543 1921 aber
565 1855 682 1923 hdchst
705 1854 825 1921 scltcn:
849 1855 945 1920 Rosc.
969 1843 1063 1922 Com.
1085 1856 1106 1922 5
1128 1855 1180 1921 hic
1196 1877 1255 1942 ego

117 1961 140 2022 si
155 1959 271 2024 faciam
286 1957 384 2023 finem
397 1959 537 2042 dicendi,
561 1959 640 2024 satis
656 1980 786 2042 causac,
809 1959 891 2024 satis
907 1959 1006 2026 etiem
1021 1956 1122 2024 iudici
1139 1958 1255 2022 fecisse

116 2060 235 2144 videar,
259 2081 318 2125 cur
332 2059 510 2126 secundum
526 2059 682 2126 Roscium
697 2060 835 2126 iudicari
851 2061 958 2126 debeat
976 2059 1165 2142 (vielleicht,
1182 2058 1255 2124 weil

116 2161 169 2226 das
191 2160 324 2227 Urtheil
347 2171 413 2227 erst
435 2185 476 2226 zu
499 2160 657 2249 sprechen
680 2161 752 2244 ist).
796 2163 889 2228 Verr.
912 2161 959 2244 II,
986 2163 1012 2240 1,
1035 2163 1074 2226 31
1100 2183 1172 2232 cunr
1195 2161 1254 2246 igi-

116 2273 172 2349 tur,
193 2286 279 2350 quae
306 2285 406 2329 causa
433 2263 520 2330 illius
548 2261 708 2329 tumultus
729 2264 843 2349 (uuit,
872 2273 971 2330 testes
994 2263 1155 2346 dixerint,
1184 2265 1254 2350 ipse

116 2366 233 2450 celarit,
255 2387 363 2431 nonne
386 2387 516 2430 causam
540 2365 640 2449 hanc,
668 2388 765 2454 quam
788 2367 1034 2453 proposuimus,
1063 2366 1159 2431 istius
1182 2387 1253 2453 per·

116 2477 209 2554 petua
234 2467 442 2534 taciturnitas
468 2467 662 2534 confirmat?
695 2468 773 2533 fam.
799 2468 831 2550 5,
861 2467 890 2549 8,
917 2471 931 2531 l
960 2477 1118 2554 quantum
1148 2489 1255 2532 meum

116 2569 254 2636 studium
286 2571 438 2636 exstiterit
466 2567 636 2655 dignitatis
665 2579 741 2634 tuae
767 2569 924 2650 tuendae,
951 2593 1016 2634 non
1039 2569 1154 2636 dubito
1170 2571 1254 2658 'quin

56 2727 59 2739 .
115 2673 152 2737 ad
174 2685 205 2738 te
226 2693 338 2737 omnes
362 2671 411 2736 tui
435 2669 636 2757 scripserint.
650 2711 692 2722 -
708 2671 747 2753 lp
769 2670 833 2736 den
855 2670 975 2736 beiden
997 2671 1118 2737 letutcn
1133 2671 1258 2738 Stellen

117 2796 187 2860 mag
207 2774 261 2839 die
284 2771 540 2858 Voranstellung
562 2771 620 2837 des
642 2771 866 2838 Ncbensetzcs
895 2774 1028 2838 zweiter
1049 2772 1169 2838 Klesse
1191 2773 1255 2839 den

117 2876 206 2966 Conj.
229 2877 314 2963 peri.
336 2873 520 2940 veranlasst
542 2873 659 2940 haben.
684 2913 721 2922 -
746 2874 851 2941 Pollio
873 2897 926 2964 ap.
946 2875 1015 2941 Cic.
1033 2873 1110 2940 fam.
1130 2876 1179 2958 10,
1201 2877 1254 2959 31,

116 2977 134 3040 6
154 2976 233 3044 iilud
256 2977 466 3042 vehementer
487 2975 631 3041 admiror
652 2999 717 3042 non
739 2977 909 3064 scripsisse
931 2985 964 3041 te
978 2975 1070 3059 mihi,
1094 2979 1255 3042 manendo

105 3080 148 3144 -in
173 3080 341 3167 provincia
367 3101 410 3143 an
438 3077 587 3144 ducendo
615 3078 794 3143 exereitum
824 3079 858 3144 in
881 3077 1010 3144 Italiam
1040 3079 1121 3166 reip.
1150 3081 1254 3164 magis

117 3181 191 3246 satis
212 3183 321 3248 facere
337 3181 468 3264 possim.
512 3180 596 3265 (Der
618 3180 839 3246 Scbreibende
865 3182 911 3246 ist
932 3178 1034 3246 selbst
1054 3181 1255 3246 noch‘zwei-

117 3281 239 3366 telbaft,
261 3305 330 3348 was
352 3304 388 3346 er
409 3281 489 3347 thun
513 3280 599 3366 soll.)
636 3281 810 3369 Pompeius
833 3305 884 3366 ap.
902 3282 972 3348 Cic.
995 3282 1037 3347 ad
1054 3283 1125 3348 Au.
1148 3285 1179 3367 8,
1205 3285 1253 3365 12,

118 3385 144 3448 Β
168 3387 181 3448 1
204 3385 315 3466 miror,
338 3382 418 3470 quid
440 3405 558 3449 causae
581 3383 691 3466 fuerit,
714 3406 814 3470 quare
837 3384 1006 3450 eonsilium
1027 3389 1164 3452 mutaris
1186 3387 1255 3470 (die

118 3485 236 3572 Fulguri
258 3487 319 3551 der
340 3484 630 3570 Sinuesanderung
651 3485 774 3552 dauern
796 3487 888 3569 fort).
922 3485 1013 3553 Aber
1034 3486 1116 3551 auch
1140 3489 1174 3551 in
1190 3488 1253 3551 Ne·

119 3586 289 3654 hensdtaen
312 3596 445 3652 erster
458 3586 579 3652 Klasse
601 3586 729 3653 kommt
750 3589 803 3654 cin
818 3589 1062 3676 Haupttempus
1077 3587 1161 3652 nach
1177 3589 1253 3654 hist.

118 3687 242 3757 Perfert
262 3711 335 3757 vor.
357 3689 392 3754 S.
415 3693 445 3772 ξ.
470 3690 541 3755 131.
1128 3776 1131 3781 ¹

197 3815 224 3858 c.
247 3791 333 3858 Hau
343 3799 582 3878 pttcmpors,
606 3813 700 3856 wenn
715 3789 777 3857 das
788 3783 917 3857 Perfect
931 3789 989 3856 des
1003 3800 1113 3857 ersten
1128 3785 1253 3868 1111ιέ11-

119 3901 219 3962 ratres
241 3917 311 3960 zur
332 3893 772 3979 Praesenebedeutung
799 3893 1001 3978 hinneigt:
1032 3893 1101 3960 Cic.
1123 3895 1201 3959 fam.
1223 3897 1252 3977 6,

120 3994 150 4076 u,
172 3997 190 4060 2
211 3995 369 4083 reliquum
391 4005 443 4061 est
465 4004 513 4080 ut,
536 4019 609 4062 cum
625 3997 792 4079 emacem,
816 3994 894 4082 quid
914 4006 950 4062 tu
965 4035 1007 4046 -
1020 3999 1148 4080 sentius,
1172 3997 1253 4062 nihil

120 4103 189 4161 ate
205 4107 315 4185 petam
338 4098 402 4164 nisi
424 4107 482 4163 ctt.
508 4098 556 4180 10,
578 4097 629 4178 22,
651 4097 673 4160 2
694 4099 766 4184 quis
788 4099 886 4180 suerit
898 4098 1143 4185 impedimento,
1166 4097 1253 4164 arbi-

119 4205 183 4261 tror
201 4211 233 4264 te
254 4223 295 4265 ex
318 4197 432 4278 Blanci
455 4197 572 4267 litteris
594 4201 798 4284 cognovisse.
826 4202 874 4284 11,
898 4202 926 4284 7,
953 4202 966 4264 1
992 4223 1075 4287 quse
1098 4223 1170 4266 mea
1185 4201 1254 4267 fue·

121 4298 163 4362 rit
182 4301 355 4384 sententia,
384 4321 542 4386 cognosse
566 4309 598 4366 te
620 4324 661 4368 ex
684 4301 729 4367 M.
753 4301 827 4367 Seio
856 4303 1007 4368 arbitror.
1053 4300 1137 4368 Phil.
1160 4303 1190 4385 2,
1212 4304 1255 4368 46

121 4419 178 4462 nec
198 4400 350 4490 intelligis
374 4405 453 4468 satis
476 4423 548 4468 esse
571 4404 651 4468 viris
675 4402 813 4469 fortibus
841 4405 1000 4486 didicisse,
1029 4427 1125 4490 quam
1148 4406 1191 4469 sit
1214 4441 1251 4452 -

121 4497 205 4566 tama
228 4503 421 4588 gloriosum,
450 4513 626 4591 tyrannum
654 4504 823 4570 occidere?
872 4506 943 4570 Au.
973 4506 1002 4587 1,
1032 4505 1125 4589 ro,4
1156 4504 1253 4570 crcdo

123 4609 154 4664 te
173 4637 212 4652 -
232 4607 370 4687 madere,
401 4627 482 4695 quae
510 4608 730 4675 consurrectio
757 4604 902 4674 iudicum
931 4607 1019 4678 facta
1045 4607 1097 4676 ait.
1141 4605 1253 4680 Rabir,
