3050 5146
724 377 870 442 -228
915 415 952 425 -

274 537 346 602 180.
369 535 446 601 fam.
471 534 522 616 10,
545 533 597 618 25,
620 533 641 596 2
663 533 759 599 video
782 543 891 597 autem
913 530 1034 598 Planco
1056 531 1205 614 consule,
1232 531 1293 595 etsi
1316 533 1409 597 etiam

272 641 343 703 sine
366 659 403 702 eo
426 637 568 702 rationes
591 634 763 722 expeditas
785 633 933 716 haberes,
956 641 1065 698 tamen
1084 630 1337 720 splendidiorem
1360 655 1408 720 pe·

272 742 421 806 titionem
444 747 543 819 tuam,
567 736 595 801 si
617 735 714 802 modo
735 737 802 800 ista
824 757 867 800 ex
881 735 1042 799 sententia
1057 735 1208 800 confecta
1222 743 1341 798 essent.
1365 732 1410 813 13,

274 843 303 922 l,
325 841 347 906 5
373 861 433 904 nec
463 839 593 904 dubitat
620 838 698 925 quin
727 859 788 922 ego
810 859 830 900 a
852 847 884 901 te
906 845 988 901 nutu
1009 836 1070 902 hoe
1092 836 1247 924 consequi
1272 856 1410 923 possem,

271 942 400 1007 etiamsi
424 938 657 1008 aedificaturus
679 961 779 1005 esses.
801 977 842 985 -
864 935 1052 1002 Auffallend
1074 939 1119 1002 ist
1139 960 1171 1024 p.
1193 935 1276 1002 Mur.
1301 936 1353 1018 25,
1373 936 1413 1000 50

272 1041 391 1129 quibus
414 1041 511 1107 rebus
534 1039 590 1128 qui
612 1043 709 1105 timor
730 1039 826 1105 bonis
848 1039 998 1105 omnibus
1017 1039 1156 1103 iniectus
1172 1038 1216 1103 sit
1230 1047 1411 1125 quantaque

273 1142 458 1230 desperatio
491 1143 593 1231 reip.,
625 1143 653 1206 si
680 1139 735 1205 ille
762 1141 869 1206 factus
898 1149 983 1205 esset
1011 1138 1167 1222 (consul),
1202 1137 1303 1204 nolite
1325 1162 1344 1202 a
1366 1159 1412 1202 me

271 1243 468 1310 commoneri
492 1242 586 1308 velle.
621 1241 703 1307 Hier
724 1244 769 1306 ist
791 1243 869 1307 aber
891 1241 944 1306 die
967 1239 1090 1306 directe
1106 1239 1205 1304 Form
1228 1261 1265 1310 so
1280 1263 1323 1304 zu
1339 1237 1410 1304 deu·

271 1345 354 1410 ken:
378 1367 516 1430 maguus
539 1345 635 1410 timor
657 1345 807 1408 omnibus
829 1344 967 1408 iniectus
990 1352 1051 1423 est,
1074 1340 1101 1405 si
1123 1340 1179 1407 ille
1201 1341 1309 1407 faetus
1332 1349 1413 1408 esset

273 1445 365 1532 („fiir
387 1445 450 1510 deu
472 1444 556 1527 Fall,
579 1445 713 1511 dass'er
735 1443 857 1510 Consul
881 1443 1035 1525 wiirde“).

357 1549 387 1613 9.
412 1547 751 1616 Concessivsittze
774 1545 848 1609 sind
870 1569 933 1611 nur
947 1547 1006 1609 mit
1021 1566 1226 1627 quamquam,
1250 1545 1343 1611 nicht
1358 1545 1412 1608 mit

272 1650 423 1737 quamvis
451 1649 645 1714 beobaehtet
672 1647 821 1712 worden:
855 1647 932 1711 fam.
960 1647 990 1730 5,
1018 1645 1071 1728 20,
1100 1647 1120 1710 2
1148 1645 1331 1734 respondeo
1354 1668 1412 1729 me,

272 1773 403 1838 quamq.
431 1751 526 1816 iustis
555 1749 596 1812 de
619 1749 725 1812 causis
748 1749 889 1814 rationes
915 1747 1038 1812 referre
1060 1749 1277 1832 properarim,
1307 1758 1339 1812 te
1360 1771 1411 1813 ex·

272 1861 494 1939 spectatarum
517 1849 629 1932 fuisse,
653 1852 718 1914 nisi
740 1860 798 1915 ett.
841 1848 925 1914 Liv.
942 1851 972 1932 o,
1000 1851 1047 1930 12,
1070 1847 1212 1913 4simile
1227 1851 1299 1913 veri
1315 1858 1412 1914 est-

271 1975 337 2018 non
359 1975 401 2018 ex
424 1950 540 2017 iisdem
563 1972 692 2038 semper
713 1950 841 2039 populis
865 1951 1026 2015 exercitus
1043 1952 1193 2038 scriptos,
1216 1973 1349 2037 quamq.
1364 1972 1411 2015 ea·

272 2057 346 2120 dem
376 2076 505 2141 semper
533 2075 613 2140 gens
641 2052 762 2117 bellum
791 2051 948 2116 intulerit.
978 2091 1016 2099 —
1046 2051 1114 2116 oie.
1143 2051 1221 2116 fam.
1249 2051 1298 2133 13,
1323 2051 1409 2132 76,1

271 2179 330 2223 vos
353 2157 432 2222 mihi
454 2156 569 2244 optimi
592 2163 692 2220 testes
722 2151 801 2218 estis
808 2203 817 2236 ,
846 2175 975 2240 quamq.
999 2152 1078 2218 mihi
1104 2174 1298 2240 persuasum
1322 2163 1411 2232 esset,

271 2258 353 2324 nihil
376 2279 457 2340 csse,
481 2257 567 2344 quod
590 2279 610 2321 a
631 2255 727 2320 vobis
750 2257 923 2343 impetrare
937 2277 1003 2320 non
1019 2276 1160 2342 possem,
1184 2275 1350 2341 nunquam
1365 2275 1413 2316 me

271 2371 380 2425 temen
402 2380 537 2444 gravem
559 2356 654 2423 vobis
677 2377 749 2420 esse
771 2353 925 2422 voluisse.

357 2459 420 2524 Die
444 2457 556 2544 Regel,
580 2456 702 2524 welche
724 2459 768 2523 im
790 2458 946 2544 Anfauge
968 2457 1026 2522 des
1048 2456 1283 2544 Peragraphen
1304 2457 1411 2542 ausge-

272 2553 361 2628 stellt
381 2563 435 2642 ist,
458 2560 520 2646 gilt
540 2559 702 2625 nattirlich
724 2559 808 2623 auch
832 2559 882 2640 da,
906 2582 956 2625 wo
980 2557 1032 2622 die
1047 2557 1256 2624 Nebenslitze
1279 2559 1412 2624 zweiten

273 2662 401 2728 Grades
438 2662 472 2725 in
509 2660 679 2728 derselben
716 2659 855 2725 Perinde
892 2659 1179 2725 verschiedene
1217 2659 1412 2748 Tempora

271 2764 390 2829 haben.
412 2762 615 2840 DenGruud
638 2765 694 2827 des
717 2761 1019 2849 Tempuswechsels
1043 2761 1183 2826 erkeunt
1203 2784 1280 2825 man
1301 2761 1412 2844 sofort,
1515 2741 1516 2788 3

271 2887 366 2931 wenn
389 2887 465 2930 man
480 2865 532 2930 die
548 2864 755 2930 Nebensstze
778 2872 910 2928 ersten
926 2863 1054 2930 Grades
1074 2863 1107 2928 in
1124 2865 1330 2952 Hauptstttze
1345 2884 1410 2928 ver·

270 2967 424 3034 wandelt.
467 2965 599 3032 Reusch
626 2966 715 3031 citirt
741 2967 841 3030 noch:
875 2965 944 3031 Cic.
967 2965 1062 3030 Verr.
1094 2961 1141 3048 II,
1167 2965 1195 3047 l,
1222 2964 1262 3029 10
1283 2987 1411 3052 possum
1515 2977 1516 2986 ¹

272 3068 315 3136 ad
337 3078 519 3134 extremum
542 3067 651 3134 dicere
664 3067 806 3132 Dionem
828 3065 1013 3131 sestertium
1036 3066 1145 3132 decies
1168 3076 1306 3131 centena
1326 3066 1411 3132 milia

272 3190 469 3250 numerasse,
491 3179 528 3234 ut
546 3191 676 3234 eausam
692 3169 907 3234 certissimam
922 3170 1080 3249 obtineret,
1103 3178 1275 3255 praeterea
1289 3167 1411 3254 argenti

272 3271 437 3357 vestisque
460 3271 640 3355 stragulae,
670 3268 757 3357 quod
777 3270 884 3350 fuerit,
908 3271 1006 3335 istum
1034 3291 1166 3335 curasse
1189 3269 1409 3336 auferendum.

272 3373 304 3454 3,
327 3371 368 3437 63
396 3370 496 3436 doceo
523 3370 625 3459 pluris
654 3369 821 3458 aliquanto
849 3371 994 3458 potuisse
1022 3381 1054 3436 te
1082 3371 1226 3436 vendere
1247 3393 1352 3460 neque
1372 3370 1409 3435 iis

272 3471 415 3540 voluisse
436 3483 468 3538 te
482 3472 645 3555 addicere,
669 3475 724 3560 qui
739 3483 852 3540 contra
866 3473 1047 3559 Apronium
1064 3474 1240 3556 lieermttur,
1263 3483 1297 3539 et
1311 3473 1409 3560 Apro·

271 3577 326 3641 nio
360 3574 462 3642 multo
491 3575 627 3640 minoris
657 3597 753 3662 quam
779 3574 851 3639 aliis
874 3577 1016 3657 potueris
1045 3573 1204 3656 vendere,
1239 3575 1408 3640 addixisse.

271 3678 312 3742 de
334 3698 381 3741 or.
403 3679 434 3760 2,
456 3677 498 3742 47
526 3675 628 3742 nolite
655 3677 844 3742 existimare
870 3697 922 3739 me
949 3679 1074 3760 ipsum,
1104 3677 1160 3762 qui
1187 3697 1254 3742 non
1282 3675 1407 3741 heroum

270 3787 399 3844 veteres
423 3799 517 3844 casus
541 3775 637 3842 velim
660 3779 781 3842 imitari
803 3797 908 3864 neque
930 3785 1022 3840 actor
1040 3778 1101 3842 sim
1116 3775 1243 3842 alienae
1258 3797 1410 3863 personae

271 3877 330 3942 scd
352 3887 465 3944 auctor
485 3901 589 3961 meae,
612 3901 686 3945 cum
708 3879 788 3944 mihi
809 3879 868 3944 Μ’.
888 3876 1042 3964 Aquilius
1065 3879 1100 3942 in
1122 3878 1257 3943 civitate
1278 3878 1408 3942 retinen·

272 3979 333 4044 dus
356 3985 440 4062 essct,
464 4001 546 4066 quae
568 3981 603 4043 in
625 3976 682 4044 illa
704 4003 804 4046 causa
826 3979 1010 4068 peroranda
1029 3981 1171 4062 fecerim,
1200 3981 1272 4044 sine
1298 3999 1407 4064 magno

272 4079 383 4145 dolore
405 4080 533 4146 fecisse.
555 4081 633 4147 fam.
655 4082 685 4163 3,
708 4082 738 4162 9,
764 4085 776 4145 1
803 4084 843 4146 iis
858 4082 976 4147 litteris
991 4081 1085 4145 lectis
1100 4082 1240 4166 cognovi
1255 4079 1406 4146 intellexi·
1514 4157 1515 4164 ,

272 4203 334 4268 que
357 4180 458 4265 (Peri.
482 4182 562 4268 log.)
586 4184 620 4247 in
642 4184 813 4269 provincia
834 4181 952 4249 multos
974 4183 1078 4246 fuisse
1100 4183 1157 4268 qui
1172 4204 1245 4266 nos,
1268 4179 1405 4269 quoani·
1514 4203 1515 4258 j

259 4295 324 4347 'mo
347 4283 513 4348 internos
536 4306 659 4366 sumus,
682 4305 754 4348 esse
776 4285 901 4367 nollent,
923 4282 967 4348 ad
989 4286 1103 4349 urbem
1127 4305 1205 4348 vero
1227 4297 1263 4348 ut
1284 4301 1405 4349 masse-

271 4384 319 4448 ris
341 4381 393 4448 vel
416 4385 525 4468 potius
548 4395 585 4450 ut
606 4387 747 4473 primum
771 4395 842 4450 tuos
864 4387 995 4466 vulsis,
1023 4405 1180 4470 cognosse
1202 4405 1244 4450 ex
1257 4384 1319 4466 iis,
1344 4403 1404 4467 qua

272 4487 306 4550 in
328 4493 362 4548 te
383 4485 448 4548 lide
467 4485 607 4564 [scissem.
630 4487 661 4567 l'),
685 4487 716 4568 8,
739 4487 759 4552 3
782 4489 823 4552 de
838 4510 889 4551 me
911 4489 957 4552 sic
973 4486 1141 4552 existimes
1159 4483 1267 4568 uelim,
1291 4505 1347 4568 me,
1371 4491 1403 4546 ut
1514 4491 1515 4496 ’
