3050 5146
749 328 979 396 ..164-

292 480 424 546 Cannae
445 473 639 570 uppelletut.
656 483 686 567 8,
710 483 751 548 10
772 501 850 546 casu
865 482 980 564 morbi,
1003 477 1099 568 quem
1114 478 1422 566 Graeoi'oindntnl'iv

291 592 421 648 vocant.
444 621 486 631 —
504 583 611 649 Laut.
634 584 667 665 4,
693 585 741 666 14,
753 585 783 646 'l
797 581 964 668 templum,
988 584 1075 671 quod
1090 584 1272 672 appelletur
1287 583 1420 650 ccclesia.

291 685 369 772 opil'.
392 683 421 766 8,
447 685 487 749 10
507 705 623 749 seusus
646 677 712 768 ille,
735 684 791 772 qui
813 679 934 750 dicitur
958 705 1058 754 mens.

377 787 448 850 Aus
477 785 572 850 ullem
595 785 892 871 Vorhergehenden
921 787 1003 852 11111
1024 788 1093 852 sich
1115 786 1207 852 nieht
1233 788 1351 878 einmal
1371 789 1422 852 dus

290 888 504 969 abstrahiren,
528 881 614 952 dees
628 881 835 953 das'Relativ
857 891 916 953 mit
939 881 1013 953 dein
1032 883 1357 974 Beziehungs'nomen
1371 887 1423 951 des

290 988 512 1076 Hauptsetzes
528 989 816 1055 tibereinstimmen
832 999 951 1073 mitsse,
975 1011 1069 1055 wenn
1085 986 1237 1057 letzteres
1252 993 1314 1056 ruit
1329 991 1423 1054 ciuem

288 1083 539 1155 Demonstrutiv
561 1087 752 1164 verbunden
765 1089 829 1175 ist,
853 1115 877 1157 s.
900 1101 1000 1156 unten
1022 1085 1071 1156 nr'.
1094 1093 1124 1156 5.
1162 1091 1231 1155 Fur
1253 1094 1331 1158 sehr
1350 1088 1424 1156 viole

289 1190 381 1255 Fltlle
403 1185 496 1280 passt
522 1193 607 1258 wohl
636 1194 691 1258 die
705 1215 784 1259 'von
806 1192 972 1278 Madvig
1002 1191 1157 1276 (Gramm.
1178 1189 1211 1273 ἓ.
1234 1191 1312 1278 316)
1337 1213 1424 1278 gege-
1516 1215 1517 1218 ’

289 1293 373 1358 bene
394 1293 513 1380 Regel,
545 1295 621 1360 dass
641 1287 720 1382 jene
742 1294 936 1380 Congruens
959 1289 1142 1375 stettfinde,
1171 1290 1267 1359 'sverm
1289 1295 1352 1359 der
1370 1295 1424 1359 Be·

289 1395 570 1480 ziehungsbegn'll
594 1396 651 1460 des
674 1395 896 1484 Hauptsatzes
925 1405 994 1460 eret
1015 1391 1117 1461 durch
1139 1397 1203 1459 den
1225 1391 1424 1461 Relativsetc

288 1497 454 1562 bestimmt
476 1495 595 1562 werde.
633 1497 721 1562 Dess
735 1498 815 1563 aber
837 1496 908 1562 dies
929 1497 1021 1562 nieht
1042 1497 1156 1561 immor
1179 1489 1327 1580 zutreffe,
1349 1495 1425 1560 auch

286 1597 341 1662 bei
356 1599 470 1664 Cicero
492 1598 593 1681 nicht,
617 1597 757 1666 erkonnt
770 1597 910 1684 Madvlg
931 1596 1038 1664 selbst
1049 1619 1101 1662 an.
1135 1597 1182 1662 Es
1197 1597 1326 1662 kommt
1343 1606 1424 1662 ntm·

287 1697 360 1778 liuh,
373 1700 424 1766 olt
445 1719 517 1783 vor,
542 1699 619 1766 dass
831 1693 834 1700 ’
1258 1693 1261 1700 ’

372 1804 404 1868 b.
431 1801 490 1867 des
512 1799 643 1867 Relativ
660 1795 731 1866 ¹mit
758 1803 833 1868 dem
856 1801 1224 1868 Prddicotsnomen
1251 1801 1425 1887 congruirt.

287 1903 356 1968 Oic.
385 1902 473 1990 legg.
496 1894 568 1984 Ι1,’1
602 1902 721 1967 animal
748 1905 804 1969 hoc
830 1941 873 1956 ·—
898 1919 995 1991 quem
1024 1895 1179 1969 vocemus
1202 1903 1377 1968 hominem.
1397 1923 1424 1988 p.

286 2005 370 2070 Sest.
392 2005 435 2070 42
457 2003 686 2071 conventicula
708 2004 886 2088 hominum,
909 2027 993 2092 quac
1016 2015 1130 2092 postea
1157 2005 1308 2069 civitates
1330 2004 1425 2068 nomi·

287 2117 383 2173 natae
410 2118 501 2189 sunt,
535 2115 604 2171 tum
633 2106 800 2172 domicilia
827 2107 1018 2189 coniuncta,
1046 2127 1128 2190 quae
1160 2101 1255 2171 urbes
1278 2105 1425 2169 dicimus.

284 2205 327 2272 45
348 2217 384 2272 ut
406 2210 432 2273 ii
453 2209 530 2290 sint,
553 2229 651 2294 quam
674 2217 710 2274 tu
732 2210 897 2275 nationem
927 2208 1109 2295 appellasti.
1154 2207 1248 2272 Brut
1272 2207 1315 2272 33
1336 2227 1425 2293 pero-

285 2311 382 2392 ratio,
406 2310 461 2396 qui
485 2307 632 2396 epilogus
656 2311 785 2376 dicitur.
829 2309 925 2374 Verr.
947 2311 979 2391 5,
1002 2310 1046 2374 55
1071 2327 1183 2373 career
1208 2309 1260 2374 ille
1281 2345 1325 2356 -
1347 2327 1426 2395 queo

222 2411 226 2421 '
284 2409 479 2476 Lautumiae
506 2421 674 2477 vocantur.
701 2411 758 2476 fin.
783 2417 810 2492 1,
836 2413 875 2477 18
897 2411 987 2478 illam
1009 2413 1177 2492 umbram,
1205 2410 1293 2496 quod
1316 2407 1423 2496 appel·

284 2511 354 2577 lunt
377 2511 563 2576 honestum.
597 2513 675 2577 fam.
706 2513 754 2596 13,
785 2515 800 2577 1
831 2512 997 2580 decretum
1030 2512 1112 2578 illud
1138 2505 1423 2597 Areopagitarum,

285 2635 381 2699 quem
403 2605 705 2698 ὖπομνηματισμόν
727 2613 775 2680 illi
798 2623 931 2680 vocanti
947 2634 1016 2700 rep.
1035 2614 1062 2694 1,
1090 2613 1140 2694 13,
1166 2613 1206 2676 19
1220 2614 1362 2678 mundus
1379 2613 1426 2676 tic
1516 2627 1517 2630 ’

283 2723 382 2797 totus,
406 2715 494 2802 quod
517 2714 715 2781 domicilium
745 2737 906 2803 quemque
928 2713 1067 2802 patriam
1097 2714 1142 2779 dii
1165 2713 1261 2780 nobis
1285 2735 1423 2779 commn-

282 2837 357 2880 nem
380 2838 489 2881 secum
513 2815 683 2882 dederunt.
706 2839 738 2904 p.
754 2816 840 2881 Mur.
862 2817 904 2881 28
920 2816 1016 2882 venio
1033 2835 1120 2880 nuno
1138 2814 1181 2878 ud
1196 2815 1242 2881 Μ.
1258 2817 1423 2895 Catonem,

284 2919 370 3004 quod
393 2927 444 2982 est
465 2919 706 2984 firmamentum
729 2925 786 2983 ott.
809 2917 893 2982 Phil.
916 2918 949 2999 5,
973 2919 1015 2980 14
1036 2917 1191 3002 Pompeio
1214 2927 1317 3002 petre,
1340 2917 1423 3004 quod

283 3019 413 3105 imperii
434 3055 476 3068 -
498 3018 608 3084 lumen
629 3020 705 3101 fuit,
728 3021 898 3084 exstincto.
921 3019 955 3082 iu
979 3017 1044 3084 Pis.
1069 3017 1112 3082 24
1137 3019 1256 3083 iustam
1280 3017 1422 3104 gloriam,

283 3120 340 3205 qui
362 3130 412 3185 111
434 3120 560 3185 fructus
582 3141 679 3186 verae
702 3123 834 3185 virtutis
863 3119 1121 3184 honestissimus.

368 3222 520 3286 Caesen
547 3221 578 3289 b.
606 3242 637 3306 g.
671 3226 698 3304 1,
726 3222 768 3286 38
795 3221 1044 3301 Vesontionem,
1072 3221 1161 3307 qu'od
1190 3229 1240 3286 est
1270 3221 1421 3308 oppidum

283 3321 462 3385 maximum
484 3320 719 3408 Sequanorum.
741 3323 773 3405 2,
799 3325 813 3385 1
832 3321 962 3407 Belgas,
985 3343 1082 3408 quum
1104 3321 1233 3394 tertium
1256 3321 1419 3388 1111611-

282 3419 345 3486 liae
372 3429 499 3508 partem
528 3423 726 3488 dixeramus.
759 3423 1039 3506 1681111111,
1071 3421 1159 3509 quod
1189 3432 1241 3488 est
1268 3424 1420 3512 oppidum

282 3521 547 3588 Mandubiorum.
583 3524 614 3588 b.
645 3545 673 3588 c.
696 3525 725 3604 3,
753 3523 795 3588 66
823 3524 975 3589 cohortes
1002 3523 1179 3610 quaedam,
1212 3525 1302 3610 quod
1324 3527 1420 3590 instar

281 3623 419 3708 legionis
443 3625 620 3691 videretur.

366 3723 521 3790 Sallust
544 3721 616 3792 Cat.
645 3727 687 3790 55
715 3734 765 3790 est
792 3727 826 3790 in
848 3747 977 3790 carcere
998 3723 1103 3810 locus,
1126 3727 1212 3811 quod
1236 3727 1416 3794 Tullianum

281 3825 473 3912 appellatur.
498 3863 535 3872 —
559 3826 663 3892 Ovid
686 3835 760 3893 met.
783 3829 812 3907 8,
836 3828 877 3892 99
900 3829 1035 3912 Creten,
1058 3831 1114 3912 qui
1137 3849 1229 3896 meus
1251 3840 1303 3895 est
1324 3831 1415 3895 orbis.

365 3927 511 3991 Livius
532 3927 564 4009 2,
596 3927 635 3992 13
663 3949 778 4012 ugrum
805 3927 891 3994 dono
918 3925 1054 4013 dedere,
1089 3951 1174 4016 quae
1204 3941 1322 4018 postea
1348 3937 1416 3996 sunt

145 4051 149 4061 ·
280 4025 391 4090 Mucia
412 4037 506 4110 pratu
521 4026 695 4115 appellata.
717 4027 748 4109 3,
771 4027 813 4093 26
828 4029 867 4093 L.
884 4027 1059 4110 Quinctius
1073 4041 1162 4096 trans
1177 4033 1324 4100 Tiberim
1339 4031 1415 4098 cole·

280 4123 340 4191 but
366 4147 496 4210 agrum,
527 4149 610 4215 quae
637 4137 731 4215 prata
759 4129 915 4209 Quinctia
942 4141 1110 4197 vocantur.
1143 4133 1175 4218 3,
1198 4135 1242 4200 54
1262 4138 1298 4200 in
1319 4133 1415 4223 pratis

281 4223 454 4290 Flaminiis
476 4265 517 4276 —
540 4250 636 4314 quem
658 4251 744 4294 nunc
768 4229 890 4297 circum
906 4229 1106 4298 Flaminium
1128 4235 1304 4322 appellent
1326 4238 1354 4316 3,
1375 4231 1412 4298 {tl

281 4343 401 4408 carcer,
425 4329 511 4412 quod
526 4329 726 4395 domicilium
741 4330 847 4416 plebis
863 4331 981 4398 vocere
997 4335 1042 4398 eit
1056 4335 1191 4416 solitus.¹
1206 4337 1238 4422 3,
1253 4339 1295 4403 34
1309 4337 1412 4401 decem

177 4513 179 4520 Α
279 4423 463 4496 tabularum
486 4426 585 4513 leges,
605 4415 806 4515 'qui—fons
829 4433 934 4499 omnis
957 4443 1008 4500 est
1029 4437 1119 4504 iuris.
1141 4437 1174 4520 5,
1200 4439 1221 4503 8
1242 4461 1302 4504 neo
1325 4434 1411 4502 Veiis
