3034 5142
551 431 784 496 -265-

107 591 164 646 tum
186 592 249 662 est,
279 581 367 668 quod
389 584 533 648 futurum
557 583 630 648 fuit.
655 606 686 669 p.
709 583 811 648 Marc.
836 585 866 665 8,
889 584 930 648 26
954 584 1041 670 quod
1071 587 1099 650 si
1128 608 1235 650 rerum

106 693 219 748 tuarum
241 683 482 768 immortalium,
506 683 548 750 G.
572 683 704 767 Caesar,
729 684 782 750 hic
805 687 912 750 exitus
937 684 1066 750 futurus
1090 687 1155 752 suit
1176 699 1232 754 ctt.

104 785 177 849 Phil.
202 787 249 866 14,
271 786 291 849 6
314 784 420 856 fasces
443 787 508 873 ipsi
531 786 573 850 ad
596 809 646 850 ane
676 785 816 851 delaturi
844 786 987 852 luerunt.
1010 826 1049 839 -
1073 787 1233 870 111121,

103 887 146 969 44,
166 887 186 950 4
208 886 336 953 deditos
357 889 481 952 ultimis
504 887 703 952 cruciatibus
726 889 874 952 affecturi
904 889 1046 954 fuerunt.
1069 927 1108 936 -
1134 889 1231 954 Con-

98 990 267 1073 junctiv:
293 989 362 1053 llic.
379 988 419 1052 dc
442 989 510 1053 sato
538 991 585 1074 12,
601 991 641 1054 21
665 998 771 1075 potest
794 991 895 1074 igitur
917 990 1094 1078 quidquam
1110 992 1232 1057 factum

102 1111 173 1170 esse,
196 1089 283 1176 qnod
306 1111 369 1152 non
394 1111 508 1154 verum
528 1091 782 1172 sererltfuturuva
799 1093 885 1156 esse?
909 1092 957 1172 (d.
975 1091 1005 1156 h.
1039 1093 1129 1158 kann
1145 1092 1231 1158 wohl

100 1175 189 1256 etuas
211 1189 394 1276 geschehen
416 1193 503 1273 sein,
527 1191 644 1256 dessen
668 1191 838 1256 Eintreten
861 1195 894 1256 in
917 1193 970 1258 die
993 1193 1233 1259 Wirkliehkcit

99 1291 178 1356 nicht
198 1293 317 1358 vorher
338 1293 507 1358 bestimmt
528 1294 632 1377 111111)
656 1293 824 1358 Asinius
847 1315 897 1380 ap.
922 1296 989 1359 Cic.
1013 1295 1089 1359 fam.
1116 1296 1165 1376 10,
1189 1298 1229 1360 31

97 1394 193 1480 dqua
221 1394 379 1479 (legione)
411 1392 549 1474 tradita,
580 1405 701 1480 quanto
730 1417 788 1480 pro
816 1416 884 1480 rep.
913 1395 1072 1461 infirmior
1100 1397 1229 1461 futurus

98 1494 221 1578 luerim,
244 1498 318 1583 quis
341 1497 480 1580 ignorat.
525 1495 595 1560 Der
617 1495 698 1559 Sina
721 1497 778 1560 ist:
810 1496 923 1578 „hatte
952 1497 1004 1560 ich
1027 1497 1081 1561 die
1103 1497 1229 1583 Legion

97 1595 286 1682 algegebeu,
309 1619 345 1662 so
361 1585 470 1662 wttien
485 1597 591 1661 meino
607 1596 819 1662 Streitkrttfte
834 1597 1044 1682 geschwitcht
1064 1601 1229 1665 worden“.

98 1697 202 1764 ludess
233 1700 383 1765 betreten
417 1699 477 1763 wir
510 1699 581 1762 hier
614 1698 733 1764 bereits
764 1697 823 1763 das
852 1697 972 1763 Gcbiet
1000 1701 1057 1765 der
1089 1700 1229 1765 irrealen

98 1799 402 1887 Bodingungsstttze,
426 1799 545 1864 dicim
568 1801 694 1864 vierten
717 1799 814 1864 'llreil
838 1800 1014 1867 behandelt
1036 1803 1174 1866 werden.

171 1903 204 1986 d)
230 1903 348 1968 Portic.
370 1904 475 1983 sirtori
498 1901 570 1966 mit
590 1903 761 1982 safrarum:
784 1901 859 1966 Ter.
882 1901 986 1966 Andr.
1008 1905 1039 1985 3,
1062 1905 1094 1985 3,
1120 1905 1155 1967 11
1180 1907 1228 1968 uti

96 2005 218 2089 nuptiae
246 2004 376 2069 fuerant
404 2003 546 2083 futurae,
575 2003 663 2066 fiant.
691 2003 722 2086 3,
745 2003 776 2085 4,
800 2003 819 2067 8
847 2025 911 2067 non
938 2003 1067 2068 fuerant
1096 2007 1228 2092 nuptiae

96 2103 224 2170 suturae.
260 2107 334 2171 Liv.
356 2089 410 2185 45,
437 2105 477 2168 21
512 2105 695 2188 columnas,
729 2107 847 2190 quibus
885 2105 1069 2192 imposituri
1102 2117 1227 2172 statuas

96 2209 172 2291 regis
194 2207 306 2272 Persei
328 2207 469 2289 fuerant,
485 2207 552 2270 suis
575 2209 693 2271 statuis
717 2207 822 2272 victor
844 2207 1022 2272 destinavit
1044 2209 1091 2291 (d.
1107 2207 1138 2272 h.
1162 2230 1226 2273 wo·

96 2309 165 2372 1111
184 2309 229 2372 sie
251 2308 364 2373 hatten
388 2306 504 2372 stellen
525 2305 663 2387 usellen).
709 2307 818 2371 lustin
844 2309 893 2388 13,
916 2310 937 2373 5
966 2331 1227 2397 excursurusquc

96 2431 160 2472 curn
182 2408 293 2475 valida
315 2431 412 2474 manu
434 2408 541 2474 fuerat
564 2409 606 2473 ad
629 2403 790 2474 Atlrenas‘
807 2408 975 2474 delendas.
1018 2410 1112 2476 Nach
1134 2412 1227 2477 Mad-

96 2513 147 2592 vig
166 2513 207 2576 ist
229 2512 282 2577 bei
306 2510 466 2576 Dichtern
489 2511 580 2576 diesc
600 2511 697 2574 Form
719 2510 1012 2594 gleichbedeutend
1036 2512 1228 2600 derjenigen

96 2612 149 2674 mit
167 2634 261 2678 11111.
286 2651 326 2660 -
349 2612 419 2677 Der
442 2613 704 2699 Conjunctiv:
740 2611 809 2675 Cic.
834 2613 901 2677 div,
924 2614 955 2694 2,
979 2613 998 2678 8
1022 2616 1148 2678 etiamsi
1171 2616 1227 2681 ob·

96 2725 298 2799 temperasset
319 2715 491 2802 auspiciis,
519 2714 607 2778 idern
637 2723 829 2778 eventurum
853 2714 978 2779 fuisset.
1012 2717 1086 2785 Liv.
1110 2717 1162 2798 28,
1185 2718 1227 2780 24

95 2818 245 2900 appamit,
269 2825 423 2904 quantam
448 2817 630 2880 excitatura
645 2812 760 2878 molem
784 2838 863 2880 vera
879 2807 995 2881 fuisset
1011 2817 1129 2897 clades,
1153 2841 1256 2904 111111κ

96 2937 190 2982 vanus
212 2941 323 2984 rumor
345 2928 453 2983 tantas
483 2915 642 3002 proeellas
672 2918 858 2982 excivisset.
886 2919 939 2999 38,
962 2919 1003 2981 46
1032 2918 1226 2982 admonente

95 3016 230 3100 fortuna,
261 3019 356 3106 quid,
386 3021 414 3083 si
443 3019 569 3084 hostem
592 3018 834 3099 habuissemus,
863 3041 1014 3084 casurum
1039 3019 1162 3085 fuisset..
1189 3059 1223 3068 -

95 3118 193 3184 Ueber
213 3123 276 3186 den
299 3121 394 3185 lnfin.
415 3122 514 3202 fnisse
535 3120 622 3185 beim
645 3121 764 3184 Partie.
788 3120 890 3185 futuri
913 3144 937 3184 s.
963 3121 1027 3185 den
1050 3119 1226 3188 Absehnitt

96 3241 152 3286 von
172 3222 233 3287 den
255 3223 585 3306 Bodingungastttzen
608 3222 652 3284 im
677 3222 802 3287 viertcn
825 3221 930 3286 'rhen

170 3324 199 3407 e)
243 3325 314 3388 Das
344 3324 464 3390 Part-ic.
493 3323 598 3404 [1111111
625 3325 693 3388 mit
721 3345 783 3388 cro
811 3325 854 3389 ist
884 3346 936 3388 am
965 3323 1150 3408 hitaligsten
1172 3325 1226 3390 bei

96 3425 199 3492 Cato:
223 3450 248 3508 1,
271 3450 298 3491 1.
322 3448 372 3513 ep.
396 3426 438 3491 30
461 3425 516 3490 ubi
539 3425 710 3489 sementim
733 3426 880 3490 facturus
903 3427 977 3490 eris.
1000 3426 1042 3490 40
1064 3448 1159 3513 quem
1174 3448 1225 3490 ra-

97 3548 171 3589 mum
192 3527 351 3594 insitarus
375 3528 450 3591 eris.
472 3526 515 3591 45
537 3549 618 3612 quas
646 3526 680 3590 in
703 3527 818 3592 scrobe
841 3536 970 3591 saturus
1000 3529 1075 3591 oris.
1121 3527 1223 3592 Ibid.:

96 3648 165 3711 quas
185 3630 218 3693 in
241 3629 416 3694 seminario
443 3638 573 3692 saturus
596 3629 670 3692 eris.
700 3629 742 3694 46
764 3629 930 3714 positurus
953 3629 1027 3693 eris,
1060 3627 1119 3692 100
1141 3626 1233 3691 indi-=

97 3737 176 3795 turos
199 3733 272 3797 eris.
298 3731 363 3796 lb.:
388 3751 531 3816 eaquae
554 3728 754 3794 demissurus
778 3731 852 3794 cris.
880 3729 938 3794 138
963 3729 1049 3815 quod
1076 3752 1141 3792 non
1169 3728 1224 3792 da·

97 3837 175 3897 tanus
196 3836 268 3899 erit.
294 3831 354 3897 152
375 3833 431 3918 qui
454 3841 589 3918 poturus
618 3831 690 3894 erit.
723 3831 779 3895 161
808 3831 844 3895 in
867 3853 930 3918 quo
958 3830 1028 3894 loco
1058 3831 1224 3916 positurus

97 3933 158 3998 eris.
193 3933 313 4000 Caecil.
337 3933 479 3999 Statius:
510 3932 567 3997 nbi
596 3933 660 3996 cris
689 3933 963 4020 experrecturus?
989 3971 1026 3979 —
1052 3930 1142 3996 Weit
1165 3932 1225 3996 sel·

97 4043 175 4099 tener
195 4037 227 4100 in
244 4037 308 4101 den
331 4034 508 4120 folgenden
525 4032 684 4098 Perioden
708 4033 766 4098 der
782 4034 942 4122 Sprache:
967 4035 1037 4099 Cic.
1053 4034 1120 4098 inv.
1140 4037 1166 4114 1,
1188 4036 1225 4098 16

98 4153 128 4198 ca
147 4159 234 4232 quae·
248 4137 369 4204 dicturi
393 4137 523 4201 erimus.
549 4135 589 4199 dc
612 4157 659 4201 or.
685 4137 713 4217 1,
729 4137 771 4200 52
793 4134 880 4222 apud
904 4157 985 4222 quos
1008 4134 1132 4220 aliquid
1148 4145 1225 4218 aget

97 4247 146 4300 111
169 4240 229 4303 erit
250 4247 382 4305 acturus
411 4236 521 4322 (beide
545 4236 668 4306 Stellen
696 4238 727 4302 b.
756 4237 878 4322 Zumpt
904 4241 934 4318 ἓ.
958 4236 1044 4320 498).
1074 4236 1148 4300 Liv.
1172 4237 1224 4316 38,

98 4335 132 4400 38
152 4361 188 4403 ne
209 4363 305 4427 quem
329 4341 520 4421 exercitum,
544 4340 599 4426 qui
622 4359 694 4402 curn
718 4359 793 4425 pop.
822 4339 916 4402 Rom.
939 4337 1079 4401 sociisve
1101 4335 1224 4402 bellum

98 4447 234 4518 gesturus
256 4445 328 4523 erit,
352 4463 412 4506 rex
423 4462 481 4526 per
496 4439 576 4505 lines
592 4441 685 4525 regni
708 4440 759 4504 sni
774 4476 815 4486 -
830 4439 968 4504 transire
991 4437 1098 4502 sinito.
1122 4437 1222 4502 lbid.:

100 4538 226 4608 caballi
248 4565 357 4624 causa,
380 4541 468 4629 quod
491 4543 562 4630 ipse
584 4539 734 4607 illaturus
757 4542 828 4606 erit.
852 4541 928 4607 Seu.
944 4563 993 4626 ep.
1017 4539 1068 4622 99,
1084 4539 1124 4604 21
1140 4559 1223 4625 quac
