3050 5146
560 419 790 484 -239-

118 567 212 635 Verus
236 569 252 634 l
274 592 349 636 cum
372 569 479 636 Verus
507 573 668 660 posterior
694 571 776 637 nihil
799 563 940 659 dignum¹
961 584 1090 660 praeter
1112 574 1247 642 clemen·

116 673 186 736 tiam
206 672 241 735 in
262 670 407 736 moribus
430 672 589 738 habuerit.
624 674 715 738 Pesc.
738 675 758 739 9
780 697 840 740 nec
860 675 967 740 abfuit
982 678 1147 774 responsis
1163 680 1247 743 veri-

115 783 169 853 tas,
191 794 261 836 cum
284 771 339 838 ille
362 775 513 840 inventus
537 776 581 839 sit
603 777 697 840 iuxta
719 774 870 862 paludem
893 778 1083 843 semivivus.
1108 778 1246 866 Capitol.

113 871 215 937 Albin.
242 875 263 938 5
289 897 363 938 curn
391 874 589 940 Caesariana
617 874 742 941 familia
770 877 832 944 hoo
865 877 1006 966 speciale
1034 879 1185 944 habuerit
1212 893 1248 945 ut

114 973 230 1060 parvuli
253 976 368 1039 domus
392 977 461 1040 eius
484 978 518 1041 in
541 977 733 1042 testudineis
749 978 1057 1045 alveis'lavarentur
1072 991 1128 1046 ctt.
1151 981 1245 1046 Lam-

112 1076 186 1160 prid.
211 1075 342 1162 Heliog.
368 1079 407 1140 14
430 1100 504 1143 nam
526 1077 617 1142 nulla
639 1081 673 1142 vi
695 1081 768 1165 quis
790 1079 909 1144 adduci
933 1083 1039 1166 potuit
1061 1093 1097 1148 ut
1119 1091 1246 1149 tanturn

113 1175 229 1241 lacinus
259 1177 423 1265 impleret,
458 1201 531 1244 cum
558 1180 593 1244 in
620 1181 727 1266 ipsum
756 1182 861 1266 magis
895 1203 1053 1247 conversa
1081 1187 1146 1248 sint
1172 1185 1246 1264 tela,

111 1300 185 1363 quae
207 1280 346 1365 parabat
367 1278 451 1363 aliis,
474 1281 516 1346 ab
538 1282 643 1365 iisque
666 1282 708 1344 sit
730 1281 933 1362 interfectus,
957 1284 1075 1368 quibos
1091 1284 1173 1350 alios
1190 1309 1245 1374 ap-

110 1380 244 1464 petebat.
268 1418 311 1428 —
332 1381 396 1445 Ein
419 1381 488 1446 Mal
515 1383 598 1447 auch
625 1381 709 1447 nach
735 1385 832 1464 quod·
856 1382 994 1469 Capitol.
1025 1387 1101 1451 Ant.
1126 1387 1203 1452 Pius
1226 1388 1247 1451 2

110 1479 179 1546 Pius
201 1485 451 1567 cognominatus
474 1493 523 1548 est
545 1507 565 1548 a
587 1494 712 1567 senatu,
736 1483 789 1547 vel
811 1484 897 1570 quod
913 1507 1061 1550 socerum
1076 1488 1164 1552 sessa
1179 1491 1244 1552 iarn

109 1593 207 1648 aetate
234 1605 335 1666 mann
363 1585 518 1650 levaverit.
569 1585 639 1650 Der
660 1584 835 1650 Verfasser
863 1586 937 1671 fiigt
964 1587 1106 1672 sogleich
1136 1589 1245 1673 hinnu,

109 1683 178 1749 dass
212 1685 323 1750 dieser
350 1686 467 1752 Grund
495 1686 586 1752 nieht
615 1685 884 1752 wahrscheinlich
912 1689 975 1770 sei,
1010 1689 1077 1752 und
1109 1689 1245 1756 deshalb

109 1785 200 1851 wahlt
222 1807 258 1851 er
281 1788 344 1852 deu
366 1787 567 1875 Conjunetiv
589 1787 636 1853 als
660 1787 778 1853 Modus
800 1790 858 1854 der
880 1789 991 1854 Oratio
1019 1789 1168 1876 obliqua;
1192 1791 1245 1856 die

108 1888 172 1950 sier
186 1889 285 1954 Setae
307 1890 368 1952 mit
389 1890 436 1954 vel
457 1891 549 1974 qaod,
573 1889 625 1954 die
648 1889 769 1954 darauf
786 1891 898 1975 folgen
919 1890 986 1956 und
1009 1890 1063 1954 dic
1085 1890 1150 1955 den
1172 1893 1245 1956 Bei-

108 2011 218 2052 namen
245 1990 377 2071 „Pius“
408 1974 524 2054 besser'
553 1991 743 2076 begriinden
776 1990 894 2075 sollen,
926 1992 1031 2056 haben
1064 1992 1127 2056 den
1156 1992 1244 2056 Indi·
1277 2015 1281 2018 ·

108 2091 198 2154 cativ.
612 2078 613 2081 ¹
1082 2154 1085 2159 .

186 2193 215 2256 l.
242 2193 576 2258 Concessivstttze
592 2197 651 2259 mit
662 2216 741 2277 arnt,
758 2196 913 2276 granarole,
930 2215 1133 2276 preterquam.
1152 2193 1245 2259 Caes.

108 2291 136 2356 b.
156 2315 188 2376 g.
214 2295 244 2374 1,
266 2294 308 2358 26
330 2316 406 2358 nam
428 2294 489 2360 hoc
512 2305 580 2360 toto
603 2295 741 2382 proelio,
772 2319 842 2361 cunr
870 2297 912 2361 ab
940 2296 1020 2360 hora
1042 2298 1181 2382 septima
1202 2296 1246 2360 ad

108 2416 273 2480 vesperum
296 2406 477 2481 pugnatum
500 2399 554 2480 sit,
576 2419 727 2460 aversum
751 2397 878 2462 hostem
892 2398 1005 2462 videre
1021 2420 1113 2462 nemo
1129 2400 1245 2485 potuit.

107 2493 243 2582 Capitol.
266 2498 346 2561 Aut.
370 2498 448 2562 Pius
471 2499 491 2562 9
519 2509 645 2564 tantum
674 2521 752 2563 sane
780 2499 982 2565 auctoritatis
1006 2499 1093 2585 apud
1116 2511 1245 2566 exteras

106 2609 214 2680 gentes
242 2620 338 2663 neruo
364 2599 497 2683 habuit,
528 2621 600 2664 cum
634 2623 761 2687 semper
788 2602 948 2666 amaverit
969 2621 1092 2686 pacem.
1137 2601 1244 2687 Spart.

106 2698 176 2763 Ser.
204 2701 244 2765 12
265 2711 341 2786 post
363 2700 443 2766 haec
465 2699 506 2766 de
529 2725 588 2766 sua
610 2701 785 2767 clementia
802 2701 968 2783 disseruit,
992 2724 1065 2766 cum
1087 2701 1244 2767 crudelis-

105 2801 202 2866 simus
231 2801 332 2866 luerit
359 2812 391 2866 et
419 2813 585 2869 senatores
611 2803 699 2868 infra
727 2805 865 2891 scriptos
898 2803 1061 2868 occiderit.
1111 2804 1244 2891 Lampr.

105 2901 226 2967 Comm.
249 2903 269 2966 8
292 2903 476 2989 appellatus
491 2913 541 2968 est
556 2903 752 2970 Commodus
770 2907 866 2970 etiam
882 2903 1090 2972 Britannicus
1105 2905 1147 2970 ab
1165 2906 1245 2970 adu·

102 3001 271 3087 latoribus,
295 3027 369 3070 cum
392 3004 540 3070 Britanni
563 3007 661 3072 etiam
683 3007 912 3091 imperatorem
934 3017 1048 3072 contra
1070 3029 1142 3071 eum
1166 3006 1244 3071 deli-

103 3127 174 3190 gere
201 3105 373 3171 voluerint.
396 3107 491 3171 Eben
514 3131 550 3173 so
573 3105 669 3172 Alex.
694 3108 770 3172 Sev.
792 3109 843 3176 51.
866 3109 918 3174 53.
941 3106 1083 3172 Trebell.
1100 3106 1243 3172 Callian.

108 3210 151 3272 11.
173 3207 310 3293 Vopisc.
334 3207 447 3272 Aurel.
469 3209 520 3274 42.
543 3247 585 3258 —
614 3209 693 3274 Com
720 3211 847 3274 interim
874 3207 927 3274 hei
949 3208 1022 3273 Val.
1045 3208 1135 3275 Max.
1152 3211 1189 3292 ’1,
1213 3210 1244 3292 8,

105 3309 132 3372 6.
154 3309 241 3374 Just.
264 3309 295 3393 2,
322 3310 372 3378 14.
393 3311 446 3390 44,
469 3309 499 3375 2.
524 3309 666 3398 Capitol.
690 3308 794 3375 Gord.
825 3311 875 3376 16.
898 3350 939 3359 -
964 3311 1131 3392 Quorum:
1164 3312 1244 3376 Tac.

105 3431 174 3474 ann.
203 3411 253 3493 15,
275 3413 318 3476 52
342 3433 458 3498 expers
481 3413 715 3478 coniurationis
738 3422 816 3493 erat,
840 3416 990 3499 quamvis
1014 3435 1165 3501 supereo
1181 3415 1243 3479 cri-

105 3513 186 3578 mine
209 3513 298 3578 Nero
320 3522 416 3577 vetus
438 3512 614 3580 adversum
635 3515 795 3580 insontem
812 3515 921 3579 odium
939 3514 1131 3602 expleverit.
1155 3513 1243 3580 Flor.

104 3613 131 3693 3,
155 3615 203 3695 19,
229 3617 264 3678 11
289 3636 331 3678 ne
355 3613 396 3678 de
418 3615 501 3679 duce
523 3615 653 3702 quidem
676 3613 870 3702 supplicium
886 3616 976 3700 exigi
991 3620 1108 3703 potuit,
1132 3639 1243 3702 quam·

105 3716 152 3778 vis
173 3715 208 3778 iu
230 3737 346 3780 manus
365 3718 503 3781 venerit.
536 3716 580 3782 So
602 3717 685 3780 auch
709 3717 817 3802 Spart.
840 3716 945 3781 Hadr.
967 3719 999 3783 5.
1039 3717 1113 3783 Sev.
1138 3718 1166 3780 7.
1193 3719 1242 3800 14,

104 3813 152 3880 21.
175 3816 318 3904 Capitol.
341 3805 480 3882 Macrin.
507 3817 538 3881 2.
582 3818 715 3904 Lampr.
745 3817 874 3904 Heliog.
898 3818 928 3882 2.
972 3818 1069 3883 Alex.
1093 3819 1168 3884 Sev.
1195 3820 1243 3882 11.

104 3917 153 3980 45.
175 3917 227 3984 46.
270 3919 364 3984 Lact.
385 3920 417 4001 4,
443 3919 491 4002 18,
517 3922 552 3983 11
578 3922 725 4007 quamvis
747 3919 902 3986 innocens
926 3921 1035 3984 fuerit.
1060 3957 1103 3968 -·
1127 3921 1243 4000 Quana-

105 4039 211 4098 quam:
234 4019 313 4084 Tac.
336 4021 419 4104 Agr.
453 4021 491 4085 13
518 4043 715 4108 quamquam
744 4023 897 4088 terruerit
921 4059 956 4070 -
987 4031 1019 4086 et
1041 4023 1136 4086 litore
1158 4022 1243 4108 poti-

106 4123 233 4186 tussit.
261 4144 337 4186 ann.
366 4122 398 4204 6,
426 4123 466 4186 51
496 4131 589 4207 pater
619 4125 650 4187 ei
672 4123 758 4188 Nero
781 4133 813 4187 et
835 4125 998 4209 utrimque
1020 4125 1112 4209 origo
1135 4124 1243 4208 gentis

107 4220 273 4306 Claudiae,
296 4243 491 4310 quamquam
513 4227 617 4288 mater
638 4226 672 4288 in
694 4224 825 4290 Liviam
848 4235 881 4288 et
903 4247 980 4290 mox
1002 4225 1125 4291 Juliam
1151 4224 1243 4291 fami·

107 4320 180 4388 liam
206 4323 438 4410 adoptionibus
466 4325 645 4394 transierit.
689 4324 779 4403 Suet.
812 4327 906 4389 Caes.
930 4326 981 4390 79.
1026 4325 1136 4392 lustin
1158 4327 1189 4409 2,
1215 4331 1242 4397 1.

107 4424 215 4490 Aurel.
238 4424 322 4490 Vict.
347 4428 377 4509 1,
403 4425 434 4491 3.

189 4526 220 4598 8.
249 4525 287 4594 In
313 4527 484 4596 einfachen
507 4527 891 4598 Substantivstttzen
919 4530 951 4594 d.
974 4529 1006 4596 h.
1028 4531 1099 4598 also
1122 4533 1158 4598 in
1179 4530 1240 4598 Ne·
