3034 5142
707 441 944 510 -248-

255 607 325 664 erat
351 621 372 662 a
398 597 484 663 bello
512 607 550 662 ut
576 574 716 664 defuerit
743 599 866 663 civium
889 587 1009 664 studiis
1028 598 1135 687 potius
1162 618 1258 685 quam
1280 615 1333 662 eos
1353 634 1390 646 -

254 701 443 767 adduceret.
477 700 551 764 Liv.
574 700 627 782 24,
653 700 702 784 16,
728 703 743 765 1
768 721 807 766 ea
828 701 960 765 demum
982 723 1049 766 vox
1070 700 1118 765 ita
1138 701 1267 766 animos.
1286 720 1391 764 aceen-

257 803 308 867 dit
327 812 365 866 ut
386 837 428 850 -—
451 811 543 866 tanta
564 802 597 866 vi
619 825 654 866 sc
676 801 711 865 in
733 801 859 868 hostem
880 801 1069 882 intulerint,
1098 811 1135 866 ut
1160 802 1314 866 sustineri
1333 821 1392 864 non

256 912 401 992 possent.
446 902 557 968 Justin
578 903 631 987 37,
657 905 684 969 1.
706 904 759 986 44,
782 904 812 972 2.
857 905 946 970 Suet.
974 903 1049 972 Tib.
1071 903 1112 968 27
1135 902 1203 966 und
1225 923 1261 967 so
1284 902 1374 968 diter.

343 1004 374 1070 b.
399 1003 481 1070 Sehr
504 1005 608 1070 selten
630 1007 733 1092 hunge
755 1005 916 1071 Perfeet
939 1028 1013 1072 von
1036 1005 1199 1070 Perfert
1220 1003 1279 1068 ab:
1314 1003 1393 1068 Liv.

256 1097 311 1190 40,
337 1107 376 1171 19
398 1105 605 1193 pestilentiae
635 1117 727 1174 tanta
753 1109 804 1173 vis
828 1117 913 1190 erat,
945 1118 981 1172 ut
1009 1117 1135 1174 tantum
1158 1105 1324 1171 hominurn
1345 1103 1395 1170 de-

257 1219 422 1274 mortuum
445 1229 516 1272 esse
538 1207 687 1275 consules
711 1209 988 1292 renuntiaverint,
1016 1219 1053 1274 ut
1080 1211 1110 1274 is
1136 1230 1291 1274 numerus
1316 1207 1395 1272 effici

258 1309 397 1376 militum
427 1332 492 1376 non
519 1310 672 1396 potuerit.
724 1310 806 1375 Dies
834 1310 878 1375 ist
904 1311 985 1377 eber
1012 1312 1066 1377 bei
1091 1311 1207 1377 Livius
1236 1309 1396 1388 unerhdrt,

259 1412 327 1477 und
350 1409 517 1478 vielleicht
538 1411 596 1477 hat
618 1433 654 1476 er
675 1409 903 1498 geschrieben:
928 1422 1110 1479 attentum
1131 1451 1173 1462 -
1198 1411 1397 1477 renuntiare

260 1523 346 1579 runt.
390 1511 523 1600 Nepos
552 1513 582 1594 7,
606 1513 637 1595 6,
660 1514 681 1578 4
711 1513 758 1578 sic
787 1513 887 1579 verba
913 1513 1009 1597 fecit,
1041 1525 1079 1581 ut
1105 1536 1199 1579 nemo
1224 1523 1294 1578 tam
1315 1513 1397 1577 serus

260 1615 361 1680 fuerit
382 1615 462 1701 quin
485 1615 554 1678 eius
577 1636 688 1679 casum
710 1615 888 1680 lacrimarit
909 1615 1138 1704 inimicumque
1159 1615 1211 1681 his
1235 1638 1271 1680 se
1299 1625 1399 1679 osten·

260 1717 346 1782 derit
368 1723 425 1784 ctt.
451 1715 501 1797 15,
523 1715 555 1799 2,
577 1717 598 1780 2
627 1717 680 1781 cui
707 1715 839 1803 quidem
862 1717 909 1782 sic
930 1717 994 1782 fuit
1016 1716 1162 1802 deditns',
1185 1726 1222 1782 ut
1245 1753 1285 1764 —
1308 1715 1401 1782 omni·

260 1817 323 1883 bus
352 1819 577 1903 anteposuerit
603 1839 708 1905 neque
735 1820 825 1903 prius
854 1840 927 1883 eum
955 1841 976 1882 a
1002 1840 1037 1884 se
1067 1819 1231 1885 dimiserit
1254 1839 1350 1905 quam
1370 1817 1401 1879 in

262 1919 419 1986 doctrinis
443 1927 534 1983 tanto
556 1921 771 1984 antecesserit
791 1918 1049 2007 condiscipulos,
1081 1930 1118 1985 ut
1146 1919 1246 1986 facile
1268 1916 1401 2002 intelligi

262 2031 375 2109 posset
402 2029 458 2085 ctt.
503 2021 663 2106 Dagegen
690 2019 887 2106 regelrecht:
918 2022 967 2102 17,
995 2021 1025 2102 2,
1048 2021 1069 2084 2
1090 2031 1128 2086 ut
1155 2023 1248 2109 prius
1273 2058 1313 2069 —
1336 2039 1401 2107 per·

262 2123 390 2187 venerit
417 2143 515 2209 quam
542 2143 617 2186 eum
633 2122 767 2187 ‘scirent
794 2123 987 2209 profectum.
1013 2160 1053 2171 —
1075 2122 1230 2210 Eutrop
1255 2124 1286 2205 t,
1309 2122 1344 2185 21
1368 2127 1403 2184 ut

263 2225 431 2290 convictos
460 2224 509 2288 ita
535 2222 706 2306 dimiserit,
734 2233 772 2288 ut
792 2261 834 2271 —
861 2223 1022 2291 habuerit.
1074 2224 1095 2290 J
1101 2227 1210 2291 nstin
1239 2223 1270 2300 2,
1303 2221 1342 2287 14
1360 2230 1402 2302 nt,

263 2347 338 2391 cum
358 2362 402 2375 -
423 2325 631 2390 commissum
652 2325 708 2405 sit,
731 2324 772 2390 de
795 2325 935 2390 victorie
953 2328 1138 2391 nuntiatum
1161 2329 1214 2391 sit.
1262 2326 1307 2392 So
1327 2321 1403 2388 anch

263 2429 315 2498 44.
337 2427 359 2492 2
380 2436 464 2492 extr.
489 2425 661 2510 Capitol.
684 2424 788 2491 Gord.
818 2426 857 2491 16
884 2436 938 2509 nt,
966 2448 1040 2492 cum
1068 2427 1126 2492 diu
1154 2428 1339 2516 quaesitum
1366 2425 1405 2490 sit

265 2549 383 2615 eorpus
407 2525 582 2611 Gordiani,
609 2549 674 2592 nou
703 2529 845 2614 potuerit
872 2528 1022 2593 inveniri.
1073 2527 1283 2614 Umg'ekehrt
1311 2527 1405 2608 hangt

265 2628 326 2694 der
341 2629 608 2693 Consecutivsatz
631 2627 736 2694 selbst
756 2651 822 2695 vou
843 2631 948 2694 eiuem
964 2629 1173 2695 Causalsatze
1196 2631 1240 2696 ab
1263 2630 1315 2696 bei
1336 2627 1406 2694 Tre·

265 2727 343 2796 bell.
366 2728 507 2794 Gallien.
533 2731 570 2793 ll
600 2751 674 2793 cum
701 2740 793 2796 tanto
820 2731 927 2796 studio
950 2729 1150 2795 Graecarum
1178 2731 1269 2798 docti
1291 2731 1406 2796 fuerint

266 2829 464 2915 litterarum,
491 2840 528 2895 ut
554 2851 629 2895 raro
650 2829 815 2919 aliquibus
838 2832 1034 2898 doctissimis
1060 2854 1253 2918 magnorum
1275 2831 1405 2898 arbitrio
1508 2833 1509 2860 ¹

267 2935 424 3000 cesserint
445 2933 598 3002 virorum.

353 3057 381 3101 c.
404 3034 470 3100 Ein
491 3034 560 3100 Mal
582 3035 668 3121 lolgt
691 3035 750 3101 der
771 3035 970 3124 Oonjunctiv
997 3034 1055 3101 des
1078 3036 1278 3102 Praesens
1300 3037 1332 3101 in
1355 3031 1408 3098 der

267 3137 560 3226 Repraesentatiou
575 3135 635 3201 der
648 3135 828 3204 indirecten
843 3135 952 3202 Rede:
987 3137 1109 3203 Justin.
1128 3141 1179 3219 lt,
1194 3139 1216 3203 4
1230 3159 1332 3224 quam
1345 3155 1408 3200 rem

268 3239 316 3304 ite
336 3241 482 3325 graviter
503 3236 593 3320 tulit,
620 3247 658 3302 ut
681 3275 719 3286 -
742 3239 790 3302 its
811 3237 942 3304 demum
970 3239 1134 3305 remiserit
1154 3249 1191 3304 ut
1212 3249 1359 3306 oratores
1380 3247 1409 3300 et

269 3339 387 3421 duces,
415 3359 552 3425 quorum
578 3337 699 3403 fidu'cia
727 3349 826 3405 toties
848 3338 1021 3424 rebellent,
1045 3341 1110 3406 sibi
1132 3340 1299 3407 dedantur
1320 3342 1410 3426 („nnr

268 3450 367 3505 unter
387 3441 445 3504 der
466 3438 674 3526 Bedingung,
696 3438 774 3505 dass
796 3443 844 3505 sie
865 3441 933 3505 ihm
956 3439 1167 3527 ausgeliefert
1188 3442 1371 3524 wttrden‘b.

356 3539 551 3630 Diejenigen
575 3541 674 3608 Stttze
694 3541 739 3605 im
755 3540 929 3630 Conjunct.
952 3543 1090 3629 perfecti
1112 3564 1177 3609 von
1193 3565 1327 3630 possam
1347 3537 1409 3607 und

271 3642 335 3710 den
358 3645 443 3732 peri
455 3641 738 3732 phrastischen
760 3641 901 3708 Formen
918 3643 1079 3731 (facturus
1095 3645 1206 3726 fuerit,
1229 3644 1409 3712 faciendum

270 3745 396 3828 fueriti,
419 3766 485 3811 von
507 3746 612 3810 denen
627 3746 678 3810 ein
694 3743 881 3811 Nebensatz
898 3744 956 3811 der
976 3745 1151 3812 irrealen
1174 3746 1410 3832 Bedingung

271 3847 436 3934 abbttngt,
470 3846 598 3912 werden
626 3848 671 3912 im
698 3849 824 3914 sier-ten
852 3846 947 3913 Theil
973 3861 1070 3914 unter
1095 3848 1160 3913 den
1191 3843 1409 3916 Conditionsl·

271 3958 384 4015 sacen
406 3948 619 4036 besprochen.

357 4050 610 4118 Uebersehsuen
632 4053 693 4116 wir
713 4050 771 4116 das
794 4050 878 4117 oben
894 4050 1108 4137 mitgetheilte
1123 4049 1288 4133 Material,
1311 4073 1347 4116 so
1367 4070 1409 4113 er·

272 4154 365 4241 giebt
387 4153 469 4235 sich,
492 4153 567 4219 dass
590 4153 649 4217 der
670 4153 869 4241 Oonjunetiv
892 4152 950 4218 des
973 4153 1118 4221 Perfecta
1141 4154 1177 4218 in
1199 4153 1410 4240 Folgestttaen

272 4255 357 4320 nach
380 4242 567 4320 Praeteritis
590 4255 662 4320 eine
684 4256 728 4320 im
752 4254 955 4322 klsssischen
977 4255 1136 4321 Zeitalter
1161 4253 1410 4321 aufkommende

273 4355 452 4443 Neuerung
481 4358 534 4422 ist.
587 4356 627 4421 ln
661 4358 720 4421 der
752 4379 888 4443 grossen
925 4357 1034 4423 Masse
1069 4357 1128 4422 der
1164 4353 1410 4423 Ciceroniscben
1505 4419 1506 4428 ἶ

275 4456 441 4526 Schriften
467 4457 510 4522 ist
536 4479 571 4522 er
597 4466 743 4523 tusserst
769 4457 873 4523 selten
901 4459 968 4523 und
995 4457 1080 4524 auch
1112 4459 1156 4524 da
1183 4481 1226 4523 an
1258 4455 1410 4523 maneben

276 4556 414 4643 Stellsn,
443 4581 494 4624 wc
520 4579 597 4624 man
624 4556 682 4623 ihu
709 4559 760 4640 bis
785 4561 872 4648 jetzt
893 4559 1141 4646 nachgewiesen
1164 4559 1233 4646 hat,
1256 4557 1304 4626 als
1327 4553 1408 4625 Peri.
