3142 5144
741 344 1047 442 „aq-⁶

276 532 327 596 die
350 530 502 596 Variante
524 531 631 612 inquis
653 530 846 594 antetanden
868 529 924 613 ist)
947 528 986 592 de
1001 528 1049 592 ira
1063 528 1095 610 2,
1114 527 1162 594 15.
1187 527 1277 592 olem.
1296 528 1325 610 1,
1343 527 1372 606 8,
1390 528 1418 590 1.

276 631 382 698 benef.
413 633 442 716 2,
466 633 515 696 34.
544 632 575 713 3,
598 631 649 694 29.
671 631 701 714 4,
723 631 755 695 2.
783 630 813 712 4,
837 633 866 695 7.
890 630 931 695 39
959 652 988 693 u.
1011 629 1105 694 diter.
1128 667 1169 676 —
1192 627 1364 704 Quintil.
1387 627 1418 710 5,

279 735 329 814 11,
352 733 402 798 21.
426 735 530 798 Laut.
553 733 583 814 3,
606 733 636 814 8,
660 732 691 797 9.
714 734 745 812 3,
769 732 821 816 28,
848 731 895 796 10.
919 729 958 795 de
980 731 1028 795 ira
1051 729 1110 794 Dei
1135 730 1183 814 19,
1200 733 1227 794 7.
1273 727 1419 793 Arnob.

279 837 349 918 lp.
375 835 423 898 19.
446 834 468 896 2
490 855 521 918 p.
545 834 595 897 94.

362 935 399 1016 b)
425 934 523 1000 Niebt
544 934 588 997 im
610 931 919 1018 Anfdhrungseatae,
942 931 1081 997 sondern
1104 953 1160 996 sus
1176 931 1279 996 einem
1295 929 1420 995 1011111-

278 1035 447 1121 gehenden
476 1035 552 1099 oder
581 1034 753 1119 folgenden
783 1034 879 1098 Wort
904 1034 948 1098 iat
975 1033 1092 1115 aliquis
1119 1033 1266 1116 („man“)
1289 1054 1328 1096 zu
1350 1035 1417 1095 ent

280 1137 436 1202 nebmen:
466 1135 532 1201 dic.
555 1159 586 1219 p.
609 1133 700 1200 Gaea.
719 1137 769 1218 19,
785 1136 828 1199 54
849 1135 875 1199 si
899 1135 950 1198 via
972 1135 1015 1198 sit
1035 1135 1214 1217 immunita,
1237 1133 1335 1215 iubet,
1359 1155 1421 1217 qua

278 1239 368 1320 velit,
400 1259 494 1322 agere
521 1237 698 1302 iumentum
727 1238 776 1321 (es
803 1236 881 1300 wird
904 1235 955 1299 bei
977 1235 1055 1300 velit
1076 1235 1176 1300 sehon
1197 1257 1239 1299 an
1262 1233 1319 1298 das
1342 1234 1421 1300 Sub

273 1341 340 1423 jeot
367 1341 402 1402 in
431 1361 534 1422 apere,
564 1340 631 1402 also
660 1361 700 1402 an
729 1337 790 1402 den
818 1357 923 1420 operes,
952 1335 1113 1421 gedaoht).
1158 1335 1239 1401 lbid.
1263 1335 1421 1420 agerent

277 1441 361 1505 velit.
398 1440 436 1504 de
470 1461 514 1504 or.
546 1440 616 1523 l,8
644 1461 738 1523 quam
765 1459 859 1523 posse
890 1477 927 1486 —
956 1438 1136 1502 voluntates
1164 1437 1327 1521 impellere
1355 1459 1420 1521 quo

277 1542 367 1622 velit,
405 1541 487 1604 unde
524 1545 628 1605 autem
658 1540 734 1604 velit
763 1539 916 1604 deducere
945 1539 993 1621 (in
1015 1559 1106 1622 posse
1135 1538 1216 1624 liegt
1244 1537 1300 1602 das
1330 1537 1420 1622 Subj.

276 1645 416 1726 „man.“)
445 1665 476 1726 p.
506 1642 641 1706 Murena
669 1641 761 1725 7,16
795 1640 1037 1724 amplitudinem
1059 1640 1209 1723 nominis,
1233 1663 1330 1725 quam
1353 1662 1421 1705 non

276 1745 448 1828 acceperit,
477 1743 603 1807 tradere
632 1741 703 1824 (wie
732 1741 814 1806 oben
841 1743 876 1804 in
905 1741 961 1805 der
989 1740 1087 1806 Stelle
1115 1763 1171 1805 aus
1201 1741 1256 1806 der
1277 1741 1367 1807 Rede
1389 1764 1421 1826 p.

277 1845 387 1930 (laea.)
410 1845 504 1910 Tuae.
528 1845 558 1926 4,
581 1844 610 1927 8,
635 1845 673 1908 17
703 1847 736 1907 01
764 1846 813 1907 est
834 1839 1004 1908 aemulatio
1020 1843 1197 1929 aegritudo,
1221 1844 1248 1907 si
1263 1865 1311 1927 eo,
1336 1844 1421 1929 quod

281 1946 487 2030 concupierit,
521 1945 601 2009 alius
624 1945 779 2029 potiatur,
812 1944 881 2028 ipse
911 1948 1023 2009 eareat.
1048 1943 1128 2029 (Das
1151 1943 1237 2028 Subj.
1272 1945 1354 2029 liegt
1387 1947 1423 2010 in

277 2048 380 2112 einem
417 2068 473 2110 aua
496 2047 665 2112 aemulatio
688 2068 726 2110 zu
749 2045 1005 2110 entuehmenden
1027 2047 1216 2132 aemulans.)
1259 2046 1423 2112 Aehnlioh

277 2153 307 2231 ξ.
331 2150 372 2213 26
395 2152 472 2212 baec
495 2151 600 2210 autem
623 2148 765 2230 opinatio
788 2149 837 2211 est
858 2147 1010 2211 indicatio
1033 2169 1067 2212 se
1090 2147 1170 2211 scire
1190 2147 1273 2231 quod
1288 2148 1422 2213 neseiat.

278 2254 309 2332 §-
332 2250 374 2313 46
404 2250 510 2332 ipsum
538 2247 617 2312 illud
639 2248 801 2330 aemulari,
830 2248 1002 2312 obtrectari
1024 2269 1090 2312 non
1112 2269 1181 2312 esse
1202 2247 1325 2330 inutile,
1349 2270 1424 2312 eum

277 2356 332 2415 aut
359 2373 392 2414 se
421 2371 487 2414 non
516 2349 600 2413 idem
624 2349 728 2414 videat
750 2351 956 2414 consecutum
979 2352 1034 2414 ott.
1060 2387 1097 2396 -
1121 2348 1346 2414 Aulfallender
1369 2349 1422 2414 bei

277 2454 359 2518 San.
395 2453 479 2516 brev.
509 2451 563 2515 vit.
594 2451 642 2532 17,
671 2452 691 2515 3
726 2450 819 2514 index
846 2450 939 2514 desiit
966 2455 1058 2514 esse?
1086 2451 1247 2535 quaesitor
1274 2455 1324 2516 est
1353 2455 1423 2534 ott,

278 2576 326 2618 wo
349 2553 392 2618 im
415 2548 558 2637 Vorigen
580 2571 638 2616 uos
659 2551 790 2636 Subjeot
810 2552 861 2617 ist.

365 2657 396 2737 ᾖ.
418 2655 469 2719 51.
493 2653 668 2738 Quisque
690 2653 971 2738 istursprflnglioh
987 2655 1039 2718 ein
1055 2653 1277 2718 Relativum
1299 2676 1424 2738 gene·
1562 2669 1563 2716 3

276 2757 359 2820 rale
382 2754 447 2820 und
470 2755 557 2819 steht
578 2755 677 2846 daher
698 2755 851 2819 auweilen

361 2858 394 2942 a)
418 2856 469 2920 1111
491 2859 666 2938 quiouuque
693 2855 770 2921 oder
793 2857 944 2938 quisquis,
969 2854 1086 2940 jedoeh
1114 2879 1177 2921 nur
1204 2858 1254 2922 bei
1284 2857 1424 2922 Plautus

280 2959 346 3022 und
369 2957 456 3021 dann
479 2957 596 3022 wieder
618 2957 662 3020 im
685 2956 879 3040 Spiitlatein:
903 2957 1006 3022 Plaut.
1031 2957 1096 3022 mil.
1119 2958 1151 3041 2,
1167 2959 1197 3041 2,
1222 2960 1238 3022 1
1262 2979 1424 3044 quemque

278 3063 312 3125 111
335 3059 453 3144 tegulis
477 3057 617 3122 videritis
641 3059 790 3123 alienum.
815 3080 842 3124 1.
865 3059 887 3124 5
908 3079 1064 3143 quemque
1087 3081 1106 3123 a
1128 3059 1229 3124 milite
1251 3057 1311 3124 hoe
1335 3061 1424 3126 vide-

277 3161 348 3225 ritis
375 3159 536 3224 hominem
565 3159 599 3222 in
622 3160 740 3223 nostris
762 3159 888 3244 tegulis.
911 3161 941 3243 2,
964 3161 994 3243 5,
1015 3160 1058 3224 50
1079 3181 1235 3244 quemque
1256 3161 1309 3226 hio
1332 3163 1424 3228 intus

280 3260 387 3325 videro
411 3299 451 3308 -
475 3282 547 3324 eum
569 3281 629 3344 ego
652 3260 857 3325 obtruncabo.
880 3261 912 3342 4,
936 3261 966 3343 9,
991 3261 1031 3325 14
1052 3261 1105 3344 qui
1129 3282 1240 3326 omnes
1262 3283 1424 3329 reamare

277 3361 387 3444 eredit,
421 3382 564 3444 quaeque
597 3361 764 3445 aspexerit.
798 3383 892 3426 merc.
920 3364 930 3425 1
936 3411 946 3444 ,
971 3363 999 3442 1,
1033 3362 1075 3426 20
1107 3385 1263 3446 quemque
1294 3354 1424 3450 attigit,
1560 3429 1561 3438 ,

277 3483 396 3546 magno
424 3465 518 3544 atque
547 3461 648 3526 solido
675 3464 808 3528 mulctat
836 3461 1022 3529 infortunio.
1049 3464 1130 3528 asin.
1158 3464 1189 3546 2,
1212 3467 1242 3548 3,
1264 3465 1306 3530 24
1335 3469 1425 3552 quis·
1560 3499 1561 3509 ¹

277 3586 338 3648 que
371 3563 497 3627 obviam
525 3562 599 3627 huie
627 3565 798 3628 occesserit
824 3565 917 3642 irato,
947 3563 1119 3649 vapulabit.
1150 3569 1233 3650 capt.
1260 3567 1291 3648 4,
1321 3567 1354 3648 2,
1384 3569 1423 3634 17

277 3669 347 3730 tum
374 3685 462 3749 genu
489 3665 528 3728 ad
551 3687 707 3748 quemque
734 3666 847 3748 iecero,
875 3665 914 3729 ad
942 3670 1060 3730 terram
1082 3665 1173 3730 dabo
1197 3689 1224 3731 v.
1251 3666 1289 3731 18
1311 3689 1424 3752 quem·

277 3789 337 3850 que
360 3766 531 3831 offendere.
555 3801 597 3813 —
618 3765 733 3831 Falscli
755 3767 799 3831 ist
822 3766 871 3830 bei
893 3767 969 3831 Liv.
995 3770 1022 3850 1,
1044 3768 1096 3850 24,
1121 3767 1141 3832 3
1164 3766 1315 3851 ornusque
1339 3773 1425 3835 statt
1559 3789 1560 3820 1

280 3867 378 3931 ouius.
409 3905 448 3914 -
478 3865 525 3930 Im
549 3867 796 3950 Spatlatein:
825 3869 920 3952 Apul.
953 3872 1028 3934 met.
1053 3869 1081 3951 7,
1104 3869 1124 3932 9
1151 3890 1226 3932 nam
1249 3889 1309 3954 ego
1332 3873 1423 3936 arbi-

278 3971 346 4031 tror
386 3968 527 4033 latrones
559 3969 675 4052 quique
707 3991 816 4033 eorum
848 3973 934 4034 reete
962 3971 1107 4055 sapiunt,
1141 3970 1224 4034 nibil
1258 3973 1425 4038 anteferre

278 4069 368 4133 lucro
396 4090 453 4132 suo
482 4069 596 4134 debere
618 4069 766 4153 (frdhere
790 4070 915 4135 hasart:
944 4071 1081 4157 quiqui).
1105 4071 1183 4136 Aur.
1210 4069 1291 4137 Viot.
1315 4095 1423 4140 caess.
1558 4127 1559 4134 ,

278 4172 330 4253 33,
352 4171 395 4233 29
423 4173 456 4234 01
482 4171 614 4254 quisque
642 4172 799 4254 pessimus
828 4173 902 4252 erit,
930 4194 990 4256 par
1011 4172 1186 4258 similisque
1208 4195 1334 4257 semper
1357 4176 1424 4262 ipsi

281 4270 462 4335 habebitur.
512 4270 620 4337 Sidon.
650 4293 699 4356 ep.
722 4275 752 4352 4,
778 4277 814 4339 11
839 4276 873 4338 at
904 4277 955 4358 tu,
990 4275 1122 4360 quisque
1150 4273 1248 4339 doles.
1294 4275 1423 4342 Annon.

278 4375 359 4452 sept.
383 4391 449 4452 sap.
473 4369 551 4436 Pitt.
571 4373 605 4436 11
624 4374 756 4459 quiaque
772 4375 876 4460 legem
892 4376 1043 4440 sanxerit.
1060 4375 1210 4452 Prudent
1225 4373 1304 4460 περὶ
1319 4393 1422 4462 orep.

278 4473 327 4556 10,
354 4473 402 4554 14,
426 4473 476 4538 35.
522 4472 619 4538 Sonst
641 4473 717 4538 aber
739 4475 783 4538 ist
804 4478 932 4558 quisque
