3142 5144
600 353 807 417 „55-

134 525 274 586 arcentes
296 522 339 586 ab
361 543 405 586 se.
429 523 480 600 35,
503 523 545 586 30
567 543 674 586 secum
697 523 846 586 ferentes.
868 521 991 602 43,18.
1016 543 1123 585 secum
1139 522 1270 586 efferen-

133 621 222 686 tibus.
244 621 276 704 5,
298 623 342 688 45
363 623 514 706 praedam
536 643 612 706 prae
635 643 668 686 se
691 625 831 706 agentes.
854 622 906 704 38,
928 622 966 686 21
998 643 1074 706 prae
1096 643 1130 688 se
1152 621 1270 688 haben·

133 722 207 788 tium
229 726 329 788 scuta
374 721 448 808 Vgl.
472 721 674 810 Kahnacs.
698 723 748 786 98.

211 823 420 906 1111111110
449 824 499 888 bei
521 822 765 906 Adiectiven
792 822 857 887 und
886 822 1182 888 Substantiven
1210 827 1270 891 mit

134 925 199 988 dem
221 924 353 990 Genitiv
376 925 431 990 des
453 924 677 1008 Reflexivums‚
701 923 774 988 wie:
803 945 984 1010 memorem,
1007 928 1188 1010 compotem
1211 929 1270 1010 111,

134 1026 326 1091 conservatio
364 1026 423 1108 sui,
458 1025 620 1091 miseratio
657 1025 716 1109 sui,
754 1045 849 1109 sogar
883 1025 943 1090 wie
980 1025 1031 1092 bei
1064 1027 1132 1091 Liv.
1167 1029 1196 1110 7,
1229 1029 1270 1092 33

133 1127 288 1218 proelium
313 1165 354 1174 —
389 1149 460 1192 enm
489 1127 606 1192 fiducia
632 1125 680 1190 sui
709 1126 777 1190 sine
806 1129 992 1210 contemptu
1019 1127 1157 1193 hostium
1187 1150 1269 1194 com·

133 1228 257 1294 mnsam
287 1231 349 1294 est.
381 1230 429 1311 10,
459 1228 498 1292 14
525 1247 585 1292 nec
613 1227 769 1292 sustinere
797 1228 887 1292 frons
913 1228 1019 1311 prima
1046 1231 1115 1293 tam
1137 1229 1269 1315 longum

133 1333 289 1394 certamen
321 1330 612 1414 increscentemque
645 1329 761 1396 fiducia
794 1329 843 1392 sui
876 1329 940 1392 vim
967 1330 1132 1413 potuisset.
1178 1331 1265 1396 Seu.

133 1431 217 1496 clem.
242 1434 271 1513 1,
298 1433 328 1510 3,
352 1432 374 1495 4
395 1431 501 1496 vilitas
524 1431 573 1496 sui
596 1429 910 1515 Selbstverachtung.
934 1430 983 1495 ira
1005 1431 1036 1514 2,
1053 1432 1104 1513 21,
1127 1434 1146 1496 3
1169 1433 1269 1498 nimia

134 1533 310 1597 aestimatio
324 1533 373 1598 sui
389 1531 762 1616 Selbstttberachictzung.
786 1531 840 1596 vit.
856 1533 937 1596 best.
954 1532 984 1615 5,
999 1533 1020 1596 2
1035 1532 1193 1617 ignoratio
1208 1537 1267 1598 sui.

133 1633 167 1698 lu
199 1634 311 1698 diesen
341 1631 594 1718 Verbindungen
622 1633 665 1698 ist
691 1633 878 1698 Substanciv
913 1633 977 1697 und
1008 1633 1188 1714 Prpnomen
1216 1634 1269 1700 ein
1363 1631 1371 1638 ’

134 1733 253 1818 Begriff
270 1733 453 1820 geworden.

208 1837 245 1920 g)
269 1833 354 1900 Dem
396 1835 629 1920 entsprechend
672 1834 867 1899 verwandelt
909 1834 976 1899 sich
1012 1834 1068 1900 das
1101 1835 1266 1918 reciproke

134 1939 207 2001 inter
233 1958 265 2002 sc
295 1937 329 2000 in
357 1936 410 2000 ein
438 1937 593 2019 Attrc'but,
620 1936 680 2000 wie
707 1935 786 2000 niv.
810 1936 840 2018 6,
862 1937 904 2002 38
933 1936 1107 2001 certamine
1129 1936 1213 2000 inter
1235 1959 1269 2002 se

133 2039 183 2120 (=
210 2039 345 2120 mutuo).
371 2039 406 2120 1,
435 2039 454 2102 8
476 2037 560 2102 inter
586 2057 620 2100 11
649 2035 788 2101 vocibus.
817 2037 851 2120 8,
882 2037 921 2101 14
949 2037 1085 2102 conubia
1112 2037 1197 2102 inter
1223 2057 1267 2103 se.

135 2139 183 2222 21,
205 2141 247 2206 39
269 2138 456 2222 opinionem
478 2139 629 2216 interae,
652 2160 682 2202 u.
706 2138 798 2202 111111.

209 2241 246 2324 h)
270 2239 401 2304 Andere
437 2239 783 2324 praepositionale
819 2238 970 2303 Formeln
1007 2239 1092 2303 sind:
1132 2263 1192 2322 per
1226 2263 1266 2320 sc,

133 2341 178 2404 bei
207 2341 274 2406 011.
304 2339 369 2404 und
398 2339 515 2406 Caesar
541 2339 625 2406 noch
653 2340 771 2423 selten‚
808 2339 883 2404 weit
909 2338 1053 2424 hiiufiger
1080 2340 1132 2404 bei
1160 2340 1268 2406 Livius

133 2442 205 2528 (vgl.
228 2441 380 2508 Ktihnast
401 2440 432 2506 S.
458 2441 544 2524 100).
562 2446 690 2525 propter
710 2461 751 2520 se,
781 2440 845 2506 Cic.
869 2441 923 2504 fin.
945 2441 975 2522 5,
1002 2441 1038 2504 17
1068 2439 1159 2504 seehs
1192 2441 1267 2506 Mal.

132 2541 183 2608 Bei
214 2542 351 2609 Livius
379 2542 503 2608 kommt
528 2542 626 2606 hinzn
649 2563 712 2625 pro
738 2563 787 2607 se:
815 2542 845 2624 2,
872 2543 914 2606 ὁὸ
949 2540 1002 2604 ubi
1029 2540 1267 2626 indignantium

132 2665 185 2726 pro
211 2667 245 2710 se
275 2648 348 2728 („zu
377 2643 487 2708 seinen
509 2642 693 2728 Gunaten“)
717 2643 889 2707 acerrimus
911 2645 981 2706 erat
1002 2641 1131 2707 clamor.
1153 2643 1205 2726 39,
1227 2645 1269 2708 40

132 2747 288 2810 orationes
321 2749 353 2810 et
385 2765 443 2830 pro
478 2767 512 2810 se
544 2745 663 2808 multae
696 2748 729 2808 et
756 2765 814 2826 pro
842 2742 912 2806 aliis
942 2743 997 2821 (=
1025 2765 1102 2826 quas
1130 2741 1268 2827 habuit).

54 2889 57 2903 .
132 2847 158 2924 4,
184 2849 226 2912 44
254 2868 351 2912 eausa
380 2847 448 2930 ipse
475 2867 534 2929 pro
563 2867 596 2910 se
624 2844 719 2909 dicta.
771 2843 835 2908 Das
864 2842 1054 2927 Gegentheil
1083 2844 1182 2910 durch
1211 2847 1267 2910 ad-

133 2969 232 3014 ccrsus
263 2969 314 3014 se:
348 2949 377 3030 1,
404 2948 446 3012 32
478 2945 573 3011 simul
606 2947 639 3010 in
673 2944 853 3029 Campanos
887 2944 1073 3009 stimulabat
1104 2945 1167 3028 ira,
1202 2948 1267 3010 tam
1346 3016 1350 3028 ¹

132 3051 291 3132 promptos
319 3070 406 3114 nune
434 3049 472 3112 ad
501 3047 631 3114 ferenda
656 3069 741 3111 nunc
769 3047 808 3110 ad
839 3044 1029 3110 accersenda
1056 3045 1205 3110 adversus
1234 3069 1268 3112 se

131 3149 254 3214 auxilia.
286 3149 459 3216 ‘Aehnlich
487 3147 715 3214 1111010111.
745 3148 776 3211 b.
800 3169 832 3232 g.
855 3147 886 3228 6,
910 3146 929 3208 9
957 3146 1079 3212 duabus
1102 3147 1141 3210 de
1164 3148 1268 3212 causis
1301 3191 1312 3198 -

131 3249 273 3316 Rhenum
300 3251 435 3316 transire
462 3249 639 3328 constituit,
669 3270 802 3334 quarum
830 3269 894 3313 una
921 3250 1003 3328 erat,
1038 3246 1122 3330 quod
1151 3247 1268 3314 auxilia

132 3359 236 3418 cosdra
257 3373 290 3418 sc
304 3351 449 3417 Treveris
471 3351 633 3416 miserant.
678 3349 760 3414 Eine
775 3347 961 3433 Beziehung
983 3349 1040 3413 auf
1052 3349 1109 3414 das
1124 3349 1268 3434 logische

133 3453 260 3536 Subject
281 3454 324 3518 ist
344 3451 427 3518 auch
449 3475 487 3516 zu
509 3452 670 3516 erkennen
694 3451 744 3516 bei
767 3450 846 3515 niv.
869 3451 900 3533 2,
915 3452 957 3516 43
979 3473 1079 3534 remp.
1104 3451 1268 3532 sustinuit,

132 3575 223 3637 quam
260 3555 431 3634 exercitus,
466 3558 620 3636 penatum
654 3555 688 3618 111
718 3573 750 3618 se
780 3552 844 3632 fait
873 3553 928 3636 (=
956 3553 1111 3636 quantum
1147 3552 1268 3636 potuit)

133 3655 290 3736 prodebat.
334 3654 428 3739 Nep.
461 3657 508 3736 ll,
537 3656 556 3722 3
585 3657 687 3738 pater,
714 3655 868 3737 quantum
896 3651 1084 3738 11111111,
1112 3651 1267 3716 Thracem

135 3777 182 3821 ma
203 3757 325 3841 genuit.
369 3755 497 3821 Andere
519 3755 748 3820 Schriftsteller
770 3753 973 3838 gebrauchen
997 3752 1184 3836 (instrepas,
1208 3753 1267 3818 wie

133 3855 210 3922 Cic.
234 3880 264 3940 p.
287 3857 402 3922 Flacco
425 3857 477 3939 25,
500 3857 539 3922 61
569 3876 687 3921 nomen
714 3856 831 3920 civium
856 3854 1082 3938 Romanorum,
1112 3858 1265 3938 quantum

132 3957 164 4020 in
191 3958 268 4042 ipsis
296 3959 372 4040 fuit,
401 3957 608 4022 sustulerunt.
637 3956 730 4022 Tusc.
753 3958 785 4040 5,
812 3957 861 4039 13,
884 3957 925 4021 31
955 3959 1110 4039 quantum
1132 3955 1166 4020 in
1188 3955 1266 4038 ipsis

133 4058 182 4122 eit.
230 4058 307 4124 Val.
336 4059 431 4124 Max.
468 4059 497 4140 9,
528 4059 576 4137 10,
608 4061 621 4122 1
660 4080 739 4142 quae
775 4057 839 4122 illis
871 4057 968 4120 vitam
1001 4078 1038 4122 ac
1070 4055 1264 4138 libertatem,

133 4165 281 4242 qnantum
304 4161 338 4224 in
360 4161 431 4244 ipsa
453 4160 523 4240 fuit,
547 4159 718 4224 ademerat.
763 4159 930 4243 August.
954 4157 1012 4222 civ.
1037 4156 1087 4222 dei
1109 4158 1141 4240 5,
1164 4157 1217 4222 23.

216 4261 238 4342 1)
261 4263 327 4328 Das
363 4259 507 4327 Reflexiv
542 4281 619 4328 saus
655 4259 781 4326 bezieht
815 4258 883 4324 sich
920 4258 977 4323 aui
1010 4258 1062 4324 ein
1098 4281 1155 4324 aus
1193 4259 1265 4322 dem

134 4359 274 4448 Vorigen
301 4385 339 4428 zu
377 4362 648 4448 erganzendes
677 4362 825 4446 Subject:
860 4359 938 4426 011.
967 4358 1058 4424 Verr.
1086 4361 1116 4442 2,
1146 4360 1196 4441 13,
1225 4359 1267 4424 33

135 4461 340 4530 haecomnia
361 4465 424 4530 isto
446 4469 591 4549 praetore
614 4485 679 4530 non
702 4462 798 4529 modo
820 4459 1013 4546 perturbata,
1041 4459 1095 4525 sed
1118 4459 1212 4544 plane
1235 4463 1267 4524 et
