3142 5144
760 369 964 433 ,58-

288 559 353 602 non
376 537 415 602 de
437 539 565 603 illorum
586 537 713 622 praeda,
736 538 791 602 sed
814 537 853 602 de
874 537 968 602 huius
991 537 1146 602 maleficio
1169 537 1236 602 lieri
1260 537 1423 602 videretur.

287 638 367 703 Hier
388 641 536 703 eruartet
558 660 632 703 man
654 659 723 722 suu,
746 639 823 703 aber
844 639 901 703 der
921 638 1050 704 Redner
1071 639 1160 724 giebt
1180 639 1214 702 in
1236 639 1307 702 dem
1325 626 1424 701 sinai

288 744 374 804 satze
401 741 469 804 sein
498 739 627 824 eigenes
649 739 773 805 Urthcil
786 739 867 804 ·und
895 740 1029 805 vertisst
1055 739 1119 803 den
1141 737 1346 823 Standpunkt
1372 739 1426 803 der

288 841 465 907 indirecten
494 840 592 906 Rede.
635 839 796 907 Aehnlioh
824 840 950 906 verhslr
978 861 1011 906 es
1038 838 1107 905 sich
1140 841 1192 905 bei
1220 839 1285 906 Cic.
1316 841 1354 904 de
1381 861 1424 904 or.

232 929 236 940 ’
290 945 304 1006 1
330 947 359 1023 ξ.
387 943 452 1007 232
480 941 647 1026 respondit
679 963 748 1006 sess
780 943 932 1007 meruisse
960 945 997 1006 ut
1023 941 1228 1026 amplissimis
1255 941 1426 1006 honoribus

287 1047 320 1107 et
352 1043 502 1128 praemiis
535 1043 736 1108 decoraretur
769 1047 802 1107 et
834 1045 870 1107 ut
896 1046 925 1109 ei
948 1043 1075 1129 ,(besser
1105 1047 1189 1106 wilre
1219 1044 1295 1128 sibi)
1324 1043 1427 1108 victus

288 1144 465 1208 cotidianus
487 1145 522 1208 in
537 1143 696 1227 Prytaneo
717 1143 844 1228 publice
866 1147 1080 1228 praeberetur.
1125 1143 1216 1209 Eben
1232 1166 1268 1209 so
1284 1143 1428 1210 echlecht

288 1245 330 1310 ist
362 1245 414 1310 die
446 1245 612 1310 unsichere
639 1243 752 1312 Lesart
785 1245 826 1310 ed
852 1246 922 1310 Au.
953 1247 1003 1328 11,
1031 1247 1083 1329 23,
1114 1250 1128 1309 l
1165 1243 1316 1310 Camillus
1350 1244 1429 1309 mihi

288 1347 418 1430 scripsit
448 1350 481 1411 te
513 1368 584 1411 oum
617 1368 651 1412 eo
683 1347 778 1430 (statt
807 1367 919 1430 secum,
953 1346 1008 1412 Or.
1041 1346 1124 1411 uach
1159 1346 1242 1430 cdd.)
1276 1347 1428 1412 locutum.

289 1446 505 1532 Aufgehoben
527 1449 570 1512 ist
591 1447 642 1512 die
664 1448 765 1512 oratio
787 1448 916 1532 obliqua
935 1447 976 1538 de
998 1447 1050 1512 ou.
1077 1451 1104 1530 1,
1119 1448 1170 1530 30,
1195 1447 1255 1513 108
1277 1447 1429 1512 callidum

289 1549 410 1614 factum
434 1548 573 1631 Solonis,
605 1550 670 1633 qui,
703 1569 765 1632 quo
798 1551 831 1613 et
862 1548 962 1614 tutior
994 1549 1060 1613 vita
1088 1551 1155 1614 eius
1187 1551 1271 1614 esset
1299 1553 1332 1613 et
1357 1547 1429 1633 plus

290 1650 456 1734 aliquanto
485 1651 563 1734 reip.
594 1649 774 1734 prodesset,
804 1651 909 1715 furere
935 1671 970 1714 se
997 1649 1166 1715 simulavit.
1210 1648 1301 1714 Vcrr.
1330 1651 1360 1733 4,
1387 1649 1430 1715 39

290 1751 344 1835 qui
371 1787 413 1800 --
442 1750 526 1834 apud
558 1771 608 1816 eos
641 1752 806 1817 coleretur.
852 1750 1054 1816 Zweifelhalt
1081 1750 1119 1814 ad
1147 1751 1218 1816 Att.
1250 1752 1299 1835 12,
1329 1751 1380 1829 28,
1408 1753 1428 1815 3

289 1853 317 1917 si
349 1851 590 1918 Castricius-
618 1853 787 1937 pecuniam
815 1852 959 1936 accipere
992 1851 1078 1918 volat
1110 1873 1242 1938 eamque
1275 1854 1304 1918 ei
1336 1855 1429 1932 (stati

288 1954 358 2033 sibi,
386 1943 521 2018 welches
549 1953 639 2018 nicht
660 1953 884 2020 bandsohriftl.
908 1975 946 2018 cu
969 1954 1037 2019 sein
1060 1953 1201 2040 subsint)
1229 1953 1320 2018 solvi.
1365 1951 1429 2017 Der

289 2054 508 2120 Deutlichlreit
534 2077 647 2140 wegen
673 2055 765 2119 Brut.
795 2076 845 2140 ap.
875 2054 941 2121 Cic.
971 2054 1046 2119 fam.
1073 2056 1227 2138 11,1ne
1255 2051 1294 2102 -'-
1322 2053 1427 2118 nullae

290 2159 396 2239 partes
418 2158 463 2221 eis
485 2155 656 2239 („ihnen“;
677 2157 738 2222 sibi
759 2156 880 2221 hbnnte
896 2155 1048 2240 Singular
1062 2157 1144 2238 sein)
1164 2157 1426 2240 relinquerentur.

373 2257 527 2342 Hiuiiger
553 2257 604 2322 bei
632 2256 792 2322 Caesar:
821 2257 851 2322 b.
877 2278 911 2342 g.
935 2259 964 2341 1,
987 2257 1008 2322 5
1035 2257 1229 2341 persuadent
1257 2255 1426 2341 (Helvetii)

288 2358 440 2423 Rauracis
474 2395 512 2406 -
547 2359 594 2423 uti
630 2359 741 2424 eodem
778 2359 827 2422 usi
864 2358 996 2424 consilio
1031 2357 1156 2442 oppidis
1193 2349 1257 2422 suis
1289 2356 1428 2440 vicisque

289 2460 408 2524 exustis
436 2481 499 2524 una
527 2481 598 2524 cum
626 2463 670 2526 eis
697 2460 948 2545 proficiscantur.
981 2461 1009 2541 1,
1033 2459 1053 2522 6
1075 2459 1125 2522 vel
1153 2459 1184 2523 vi
1208 2461 1372 2523 coacturos
1394 2461 1429 2522 ut

288 2583 346 2645 per
378 2582 453 2626 suos
481 2560 719 2647 (Allobrogum)
748 2562 827 2626 fines
856 2581 906 2627 cos
933 2559 1124 2644 (Helvetios)
1159 2559 1206 2624 ire
1234 2557 1429 2644 paterentur.

291 2666 320 2745 1,
346 2664 382 2726 ll
406 2661 530 2748 legatos
552 2662 592 2726 ed
615 2661 784 2729 Caesarem
812 2662 945 2727 mittunt
966 2663 1115 2746 rogatum
1137 2661 1305 2738 auxilium
1327 2659 1374 2724 ita
1396 2681 1430 2723 se

289 2764 376 2827 omni
403 2767 544 2849 tempore
567 2763 606 2828 de
626 2785 700 2848 pop.
724 2763 815 2830 Rom.
838 2763 967 2828 meritos
990 2783 1068 2845 esse,
1090 2764 1187 2827 ut-
1210 2762 1302 2827 liberi
1324 2783 1430 2827 corum

288 2865 323 2928 in
353 2865 537 2930 servitutem
560 2864 685 2948 abduci,
714 2865 830 2948 oppida
851 2865 1029 2948 expugnari
1049 2885 1115 2928 non
1136 2862 1312 2928 debuerint
1338 2863 1365 2945 1,
1391 2861 1430 2924 14

288 2965 373 3050 quod
406 2987 439 3031 eo
477 2966 578 3030 invito
609 2965 670 3030 iter
701 2987 758 3050 per
789 2965 987 3049 provinciam
1019 2985 1077 3048 per
1110 2965 1173 3028 vim
1206 2965 1427 3048 temptassent.

293 3068 320 3149 1,
342 3067 384 3132 35
413 3064 629 3151 Sequanisque
658 3066 857 3150 permitteret
884 3068 934 3148 ut,
962 3087 1041 3150 quos
1063 3065 1111 3129 illi
1132 3064 1298 3147 haberent,
1320 3065 1429 3130 voluu-

289 3169 356 3230 tate
378 3167 446 3232 eius
461 3167 591 3232 reddere
613 3169 678 3233 illis
700 3168 826 3253 (wegen
849 3166 903 3230 des
926 3187 1030 3230 neuen
1046 3165 1210 3250 Subjectes
1225 3166 1287 3249 illi)
1310 3165 1429 3230 liceret.

291 3275 319 3350 1,
342 3269 382 3332 37
405 3267 530 3332 Haedui
552 3271 708 3351 questum,
731 3267 816 3352 quod
837 3266 985 3330 Harudes
1007 3303 1048 3314 --
1069 3267 1149 3332 fines
1171 3289 1278 3332 eorum
1299 3267 1430 3350 popula-

292 3371 415 3433 rentur.
431 3370 462 3452 2,
482 3370 498 3432 1
522 3369 604 3453 quod
626 3371 812 3433 vererentur
832 3389 874 3432 ne
895 3407 936 3417 -
959 3368 997 3432 ad
1020 3389 1070 3434 cos
1085 3369 1240 3434 exercitus
1254 3373 1363 3433 noster
1378 3367 1431 3432 ad-

165 3505 171 3514 .
291 3471 466 3534 duceretur.
490 3470 520 3551 2,
547 3470 584 3533 11
613 3491 675 3553 quo
702 3469 827 3535 facilius
850 3469 1060 3556 finitimorum
1081 3469 1269 3554 equitatum,
1292 3470 1320 3534 si
1342 3491 1430 3554 prae

289 3570 386 3635 dandi
415 3591 509 3634 causa
537 3570 576 3634 ad
604 3590 654 3635 eos
679 3571 858 3653 uenissent,
887 3569 1088 3654 impedirent.
1111 3572 1142 3654 5,
1165 3570 1206 3635 27
1235 3570 1380 3655 quodque
1403 3572 1431 3634 ci

289 3671 500 3756 (Ambiorigi)
523 3674 556 3736 et
576 3671 661 3736 filius
684 3675 716 3736 et
737 3672 846 3736 fratris
868 3671 952 3736 filius
975 3671 1014 3734 ab
1029 3669 1164 3736 Caesare
1185 3671 1310 3736 remissi
1326 3675 1432 3736 essent

290 3777 370 3858 (uas
393 3771 565 3838 besonders
588 3770 732 3836 schlecht
754 3773 804 3856 ist,
827 3773 868 3838 da
889 3773 967 3837 kurz
990 3793 1085 3837 auvor
1107 3772 1206 3838 durch
1228 3775 1257 3838 ei
1279 3772 1432 3838 11111111

258 3929 261 3938 .
290 3873 381 3937 nicht
410 3873 586 3956 Ambiorix,
616 3873 753 3938 eondcrn
782 3873 898 3940 Caesar
924 3872 1111 3938 bezeichnet
1139 3873 1244 3958 wird).
1274 3875 1303 3955 7,
1330 3876 1345 3936 l
1376 3873 1433 3938 im-

290 3973 401 4058 primis
434 3975 592 4039 rationem
629 3997 707 4063 esse
735 3974 915 4040 habendam
948 3974 1073 4057 dicunt,
1112 3974 1298 4059 priusquam
1326 3995 1432 4040 eorum

291 4074 492 4140 clandestina
521 4076 655 4140 consilia
683 4077 863 4160 efferantur,
892 4079 929 4140 ut
955 4074 1074 4140 Caesar
1102 4076 1142 4140 ab
1170 4076 1312 4140 exercitu
1334 4076 1430 4140 inter·

291 4175 449 4243 cludatur.
468 4213 506 4224 -·
524 4176 668 4242 Seltener
690 4176 790 4241 findet
812 4177 879 4242 sich
902 4176 1105 4262 dergleichen
1120 4178 1165 4242 im
1180 4175 1307 4244 Bellum
1323 4176 1431 4241 civile:

291 4281 319 4362 1,
341 4279 362 4342 2
391 4277 503 4342 timere
526 4277 695 4344 Caesarem
726 4278 842 4362 ereptis
865 4277 905 4342 ab
927 4300 960 4344 co
982 4278 1105 4342 duabus
1127 4278 1308 4363 legionibus
1329 4300 1370 4343 ne
1393 4279 1431 4342 ad

289 4383 356 4445 cius
383 4378 559 4463 perieulum
589 4399 748 4446 reservare
777 4383 809 4443 et
835 4379 971 4444 retinere
994 4401 1047 4444 eas
1070 4379 1109 4443 ad
1132 4377 1241 4456 urbem
1263 4379 1433 4464 Pompeios

288 4480 462 4546 videretur.
482 4483 510 4564 1,
525 4481 567 4546 35
588 4502 720 4565 quorum
743 4479 822 4546 alter
845 4503 939 4566 agros
965 4519 998 4529 -
1024 4479 1150 4565 publice
1173 4481 1217 4546 eis
1233 4480 1432 4546 concesserit
