3034 5142
566 395 607 404 -
649 364 713 434 307
757 400 800 410 —

323 513 368 578 Ι).
412 513 481 580 Die
504 513 612 580 Form
634 513 700 580 der
721 513 886 582 director
909 516 1036 600 Frage.

189 687 221 765 ξ.
247 683 316 748 155.
341 683 405 747 1)10
427 682 581 747 directe
604 681 713 768 Frage
736 683 821 749 steht
840 683 998 751 auweilen
1022 688 1076 769 da,
1101 709 1150 752 wo
1173 711 1249 753 man

117 801 223 869 uegen·
242 785 300 848 des
324 782 612 868 voraufgehenden
634 781 830 869 Imperstivs
854 786 943 850 eines
966 785 1145 870 Verbums,
1173 789 1248 852 wei-

115 883 181 950 ches
204 887 337 968 Sagen
365 883 445 948 oder
467 882 596 949 Sehen
624 883 794 970 bedentet,
823 883 877 950 die
899 886 1103 955 indirecte
1130 889 1248 974 Frage·

114 985 188 1050 form
218 995 381 1050 erwartet.
426 984 575 1052 Seitener
599 985 644 1049 ist
671 985 741 1050 dier
773 983 833 1050 der
853 985 942 1068 san,
975 1011 1069 1053 wenn
1092 991 1144 1055 ein
1167 991 1249 1055 Ver·

114 1085 181 1150 bum
205 1086 264 1151 des
288 1087 465 1170 Fragens
490 1085 695 1171 voraufgdht.
729 1089 794 1151 Am
808 1087 1116 1172 gebruuehlichsten
1138 1113 1247 1156 waren

113 1186 194 1253 disse
217 1189 318 1254 Setae
344 1188 379 1252 in
406 1186 464 1251 der
487 1186 631 1274 Sprache
662 1186 720 1252 des
747 1187 926 1274 geselligen
949 1189 1136 1274 Verkehrs,
1166 1215 1248 1256 wes-

112 1288 180 1354 halb
204 1290 260 1354 die
280 1287 483 1354 Komiker
504 1288 555 1353 sie
577 1287 756 1352 besonders
778 1287 827 1352 oft
848 1290 1038 1356 anwenden.

186 1390 320 1456 Plaut.
350 1389 470 1476 Amph.
498 1391 523 1470 l,
549 1390 578 1471 1,
600 1387 660 1452 221
689 1387 835 1476 loquere,
865 1391 944 1475 quid
966 1393 1113 1457 venisti?
1150 1395 1245 1458 Asin.

112 1490 346 1575 1116111,
378 1490 458 1576 quid
486 1511 537 1554 me
567 1510 704 1576 aequom
734 1511 846 1554 censes
873 1512 933 1574 pro
962 1489 1020 1556 illa
1047 1492 1110 1558 tibi
1144 1492 1246 1560 dare?

111 1593 200 1657 Cure.
225 1593 256 1670 4,
280 1593 311 1677 2,
334 1593 374 1656 31
398 1590 561 1677 eloquere,
584 1591 662 1677 quid
685 1589 761 1656 vis?
784 1591 910 1672 (1115,
932 1591 964 1676 4,
987 1592 1101 1679 9quin
1116 1615 1246 1681 respon·

109 1693 161 1776 de,
193 1703 252 1758 tuo
278 1692 357 1779 quid
386 1693 541 1756 factumst
562 1690 684 1776 pallio?
728 1691 820 1756 Pers.
843 1691 873 1773 2,
897 1693 928 1774 3,
950 1693 992 1758 33
1019 1715 1096 1778 ergo
1119 1693 1180 1761 hoc
1203 1697 1247 1760 mi

109 1795 236 1880 expedi,
257 1817 321 1880 quo
343 1794 416 1880 agis
439 1795 493 1858 te?
515 1793 654 1876 111114,
677 1793 708 1876 3,
731 1793 773 1858 63
796 1792 948 1875 videsis,
971 1795 1087 1880 quoius
1109 1794 1256 1860 arbitre·'

107 1905 140 1960 tu
169 1919 237 1961 uon
267 1897 318 1960 vis
350 1895 482 1960 facere?
526 1891 620 1958 Eben
654 1914 690 1958 so
719 1895 771 1959 bei
799 1895 937 1960 Terens.
967 1933 1004 1942 -
1034 1893 1129 1960 Mehr
1154 1895 1247 1982 giebt

107 1995 222 2062 Hoitze
251 1995 298 2078 II,
320 1994 354 2061 S.
381 1995 444 2061 236
472 1994 518 2079 fg.
562 1993 721 2078 Weniger
750 1992 899 2079 auffttllig
926 1995 971 2059 ist
992 2017 1042 2080 es,
1070 2019 1164 2061 wcnn
1187 1997 1246 2062 das

108 2097 204 2166 Verb.
235 2095 367 2162 dicendi
393 2094 565 2160 innerhalb
593 2093 652 2159 des
674 2094 889 2181 Fragesataes
919 2095 999 2160 oder
1025 2097 1133 2162 hiuter
1155 2097 1244 2163 dem-

107 2197 214 2264 selben
230 2197 333 2262 steht:
357 2194 406 2261 Pl.
421 2194 543 2282 Amph.
561 2197 590 2277 1,
616 2196 643 2276 1,
665 2196 728 2260 265
744 2196 841 2281 signi,
865 2195 929 2280 die,
951 2197 1029 2284 quid
1045 2201 1119 2263 est?
1142 2200 1244 2265 Poen.

105 2301 134 2382 5,
156 2301 187 2383 3,
211 2299 255 2364 24
283 2299 361 2385 quid
390 2295 438 2361 illi
468 2296 567 2361 locuti
595 2296 1160 2364 1111111011011110111111.1111.
1185 2301 1245 2365 174

106 2401 181 2487 quid
202 2401 269 2466 fuit
291 2399 434 2464 officium
456 2419 563 2462 meum
585 2420 637 2462 me
658 2396 790 2464 faeere?
813 2399 865 2463 sac
888 2401 998 2464 eciem.

187 2502 269 2566 Cic.
294 2501 349 2566 1111.
372 2500 403 2582 2,
426 2499 468 2564 34
490 2520 610 2585 quaero
633 2497 675 2562 de
697 2509 728 2564 te
743 2502 855 2582 -qui
880 2512 1018 2586 possunt
1038 2523 1111 2567 esse
1133 2504 1246 2570 beati?

106 2625 136 2668 n.
158 2604 192 2669 d.
216 2603 246 2684 2,
270 2605 301 2686 6,
327 2601 365 2666 18
388 2600 512 2688 siquis
534 2609 682 2688 quaerat,
704 2600 791 2665 unde
813 2599 993 2668 habemus?
1026 2604 1092 2688 (wo
1114 2604 1246 2670 Ernesti

104 2704 170 2770 und
193 2703 398 2770 Schoemann
421 2701 613 2786 corrigiren:
636 2701 831 2782 debeamus.)
880 2700 970 2767 Lael.
995 2703 1048 2784 25,
1071 2703 1111 2768 96
1133 2706 1244 2769 memi-

103 2806 197 2870 nistis
221 2844 263 2854 -
289 2827 386 2888 quam
409 2802 575 2891 popularis
598 2803 652 2866 lex
676 2801 716 2868 de
739 2801 929 2868 sacerdotiis
946 2803 983 2867 C.
999 2804 1118 2869 Licinii
1134 2805 1245 2870 Crassi

104 2907 292 2973 videbatur!
316 2930 348 2991 p.
370 2903 441 2970 Mil.
467 2904 504 2968 18
526 2905 653 2982 videte,
676 2902 802 2968 iudices
809 2951 817 2985 ,
845 2914 986 2991 quantae
1008 2925 1059 2969 res
1081 2906 1131 2969 his
1153 2908 1243 2970 teeti·

102 3009 220 3074 moniis
252 3016 329 3072 sunt
357 3005 413 3090 (al.
442 3006 523 3090 sint)
552 3003 731 3072 confectae.
766 3005 808 3070 ad
830 3005 901 3070 Att.
924 3006 955 3088 8,
981 3006 1030 3089 13,
1054 3007 1074 3069 2
1097 3015 1130 3070 11
1151 3008 1241 3072 vide:

101 3131 197 3196 qnam
222 3129 381 3174 conversa
402 3129 454 3171 res
478 3116 528 3170 cst
543 3104 640 3189 (ohne
655 3105 836 3190 variante).
859 3107 937 3170 fam.
954 3108 984 3191 7,
998 3108 1019 3172 4
1034 3108 1128 3172 vides
1146 3109 1243 3192 enim,

100 3220 222 3297 quanto
250 3219 325 3296 post
351 3231 417 3273 una
436 3207 539 3272 futuri
569 3209 696 3271 sumus!
726 3207 813 3291 (cod.
836 3205 941 3292 Med.)
963 3207 1050 3273 Liv.
1075 3211 1104 3293 l,
1126 3209 1178 3290 32,
1204 3212 1241 3273 11

101 3311 153 3377 dic
175 3350 219 3360 —
242 3307 321 3398 quid
342 3309 481 3375 censes?

184 3426 428 3494 Klassische
451 3427 635 3492 Dichter:
680 3425 773 3510 Virg.
797 3425 857 3490 ecl.
879 3429 911 3510 4,
933 3427 976 3492 52
994 3428 1141 3513 adspice,
1165 3452 1242 3495 ven-

101 3543 172 3596 turo
195 3531 360 3595 laetantur
381 3527 438 3611 (al.
460 3528 635 3610 laetentur)
659 3535 694 3591 ut
717 3527 826 3591 omnia
848 3525 969 3592 saeclo!
998 3528 1030 3610 5,
1053 3528 1074 3591 6
1097 3528 1241 3616 adspice,

100 3645 135 3698 ut
156 3643 289 3697 antrum
312 3629 474 3694 silvestris
497 3629 581 3693 raris
603 3629 725 3712 sparsit
746 3626 898 3694 labrusca
919 3629 1066 3694 racemis.
1103 3630 1187 3693 Aen.
1210 3633 1241 3715 6,

100 3735 158 3799 171
185 3734 242 3818 qui
258 3733 393 3796 iuvenes
409 3739 548 3816 quantas
564 3739 738 3811 ostentant,
761 3728 905 3817 adspice,
928 3730 1029 3796 vires!
1053 3729 1117 3794 780
1131 3731 1241 3816 viden,

100 3845 136 3899 ut
157 3836 310 3920 geminae
333 3841 422 3897 stant
443 3832 565 3896 vertice
587 3832 720 3896 cristae!
744 3829 806 3896 856
826 3831 969 3918 adspice,
993 3839 1029 3895 ut
1043 3831 1240 3918 ingreditur!

100 3936 190 4000 Ovid
213 3944 274 4010 art.
290 3957 355 3998 arn.
377 3934 408 4017 3,
433 3932 494 3997 115
509 3930 653 4019 adspice,
677 3953 760 4018 quae
775 3953 862 3996 nunc
876 3942 954 3996 sunt
968 3931 1129 4018 Capitolia
1144 3957 1241 4020 quae-

100 4059 162 4123 que
185 4035 334 4102 suerunt!

187 4154 358 4242 Spittere
380 4150 618 4218 Prosaiker:
663 4151 737 4216 Sen.
762 4174 811 4239 ep.
835 4151 887 4231 51,
913 4152 949 4214 11
976 4149 1120 4236 adspice,
1143 4176 1241 4238 quam

101 4257 296 4344 positionem
330 4254 513 4338 elegerunt,
547 4254 665 4340 quibus
698 4253 848 4318 aedificia
884 4253 1110 4316 excitaverunt
1146 4253 1240 4321 locis!

100 4357 203 4446 Apul.
225 4359 256 4442 5,
279 4357 300 4422 9
327 4356 457 4436 vidisti,
488 4377 593 4436 soror,
622 4364 742 4441 quanta
768 4357 803 4420 in
831 4353 926 4418 domo
948 4355 1057 4418 iacent
1079 4363 1110 4418 01
1132 4357 1242 4442 qualia

99 4458 254 4540 monilia,
281 4479 365 4546 quae
387 4459 571 4544 praenitent
592 4465 716 4538 vestes,
748 4477 829 4542 quae
856 4453 1063 4541 splendicant
1083 4476 1240 4542 gemmae,

150 4563 292 4612 Draegsr.
319 4559 380 4601 ffist
395 4559 484 4611 syntax
497 4559 519 4602 d.
534 4560 575 4602 lat.
589 4560 637 4609 sps.
981 4567 1012 4616 21
