3142 5144
747 375 1004 458 „fio-¹

277 543 482 627 tempestiva,
519 564 590 607 cum
631 564 740 608 semen
785 565 876 609 suum
910 545 1070 608 maturum
1103 543 1172 608 erit.
1206 545 1246 608 31
1283 543 1358 608 vitis
1392 543 1418 606 si

213 714 219 726 .
276 664 384 708 macra
410 643 486 727 erit,
514 647 675 708 sarmenta
704 665 761 708 sna
782 645 952 710 concidito.
977 644 1036 710 157
1059 665 1161 728 neque
1184 644 1266 709 ullus
1289 644 1416 710 morbus

276 745 383 811 ueniet
416 745 479 809 nisi
507 766 564 808 sua
592 745 694 829 culpa.
724 745 827 812 Plaut.
857 743 923 810 mil.
952 746 984 829 2,
1011 747 1041 828 2,
1069 746 1110 810 33
1138 749 1175 810 ut
1202 765 1273 810 eum
1302 745 1357 830 qni
1385 765 1418 809 ac
1551 713 1552 770 ἶ

277 846 330 910 hic
352 845 447 930 vidit,
476 845 580 912 verbis
607 847 715 911 vincat
736 867 777 911 ne
798 846 826 910 is
848 867 882 910 se
904 845 1028 912 viderit.
1050 867 1148 912 merc.
1171 846 1202 926 2,
1228 847 1255 929 1,
1280 847 1320 910 14
1341 844 1419 910 dicit

278 969 423 1031 capram,
451 967 545 1031 quam
573 946 721 1012 dederam
750 946 937 1012 servandam
965 946 1044 1029 sibi,
1071 967 1145 1012 snae
1174 946 1282 1011 uxoris
1315 946 1420 1012 dotem

278 1047 505 1112 ambadedisse.
555 1047 651 1113 Poen.
678 1049 709 1132 5,
741 1049 769 1133 1,
797 1048 839 1114 23
874 1069 946 1113 eum
973 1048 1087 1114 fecisse
1115 1047 1221 1128 aiunt,
1248 1047 1309 1114 sibi
1337 1047 1419 1132 quod
1552 1043 1553 1134 l

277 1148 462 1214 faciundum
483 1149 556 1214 ruit.
580 1137 666 1214 Pers.
688 1150 720 1234 4,
742 1150 810 1232 3‚3
831 1149 878 1214 ita
899 1170 970 1214 mea
991 1150 1107 1214 ancilla
1128 1169 1209 1234 quae
1232 1148 1294 1214 fuit
1315 1147 1419 1226 hodie,
1552 1155 1553 1218 ζ

278 1273 335 1315 sua
355 1272 443 1315 nunc
464 1253 521 1314 esi.
1291 1273 1325 1336 „'

363 1350 440 1417 Cic.
475 1349 567 1416 Verr.
599 1353 632 1435 5,
662 1351 705 1416 49
733 1351 823 1417 Dexo
855 1352 924 1432 hic,
957 1373 1050 1436 quern
1080 1349 1211 1435 videtis,
1243 1369 1311 1416 nou
1339 1371 1420 1435 quae

278 1452 618 1548 publicelTyndarida
646 1473 712 1517 non
740 1474 820 1535 quae
841 1453 992 1538 privatim
1014 1451 1076 1516 sibi
1098 1451 1253 1536 eripuisti,
1275 1451 1329 1516 sed
1352 1451 1417 1515 uni·
1553 1443 1554 1484 i

279 1575 352 1619 cum
374 1554 470 1618 miser
492 1553 549 1617 abs
570 1556 603 1618 te
624 1553 725 1618 filium
748 1591 786 1601 -
810 1554 943 1640 flagitat.
968 1552 1006 1618 de
1028 1553 1093 1617 inv.
1119 1555 1147 1636 1,
1169 1552 1210 1616 33
1225 1549 1420 1635 Epaminon·

278 1655 335 1720 dus
368 1656 396 1720 ei
429 1655 483 1740 qui
513 1655 576 1719 sibi
603 1653 734 1742 exlege
761 1657 891 1740 praetor
918 1657 1126 1738 successerat,
1155 1653 1327 1718 exercitum
1355 1675 1419 1718 non

280 1755 422 1821 tradidit.
451 1755 481 1840 2,
509 1756 531 1820 2
560 1756 615 1840 qui
645 1759 718 1821 ante
748 1777 781 1820 se
809 1757 946 1825 fuerant.
975 1754 1014 1820 de
1041 1755 1103 1820 div.
1133 1756 1161 1834 1,
1189 1753 1231 1818 54
1258 1753 1420 1839 quaesibi

280 1857 479 1922 videbantur.
508 1856 563 1920 fin.
591 1857 622 1941 2,
652 1858 695 1924 30
721 1857 804 1942 quod
832 1857 894 1922 sibi
921 1857 1056 1922 videtur.
1079 1855 1202 1938 1112,
1226 1855 1245 1919 7
1272 1855 1356 1940 qnod
1383 1856 1420 1921 de

280 1959 381 2024 fratre
410 1980 466 2024 suo
495 1957 695 2042 respondisti.
727 1959 759 2042 6,
781 1958 823 2023 25
850 1979 930 2044 quae
957 1958 1165 2052 magistratus
1193 1956 1242 2020 sui
1268 1956 1419 2022 fecerant.

281 2059 376 2126 Rosc.
406 2062 480 2126 Am.
510 2059 531 2122 2
563 2059 649 2124 hunc
681 2059 742 2124 sibi
777 2081 815 2123 ex
843 2060 950 2124 animo
978 2051 1177 2144 scrupulum,
1210 2057 1265 2141 qni
1293 2079 1326 2123 sc
1354 2059 1419 2122 dies

279 2167 452 2246 nentesque
486 2159 631 2225 stimidat
664 2181 700 2226 sc
726 2161 858 2246 pungit,
890 2165 926 2226 ut
953 2161 1111 2244 evellatis,
1147 2156 1289 2243 postulat
1316 2162 1353 2223 ut
1380 2197 1419 2208 -

279 2261 504 2346 profiteamini.
529 2260 579 2324 ad.
603 2259 661 2337 Qu.
684 2261 723 2326 fr.
746 2263 777 2346 3,
803 2264 832 2346 1,
857 2263 886 2345 7,
908 2263 949 2327 23
977 2265 1010 2326 et
1032 2282 1103 2327 cum
1125 2260 1165 2324 ad
1188 2260 1279 2324 illum
1301 2261 1419 2326 scribas

280 2363 362 2427 nihil
389 2365 422 2426 te
449 2360 608 2428 recordari
636 2362 675 2427 de
702 2383 737 2428 se
765 2365 830 2450 (wo
859 2363 910 2428 die
939 2362 1054 2428 beiden
1081 2362 1200 2427 letaten
1222 2360 1336 2426 Worte
1358 2383 1418 2426 von

280 2463 398 2530 Schlltz
420 2462 614 2549 gestrichen‚
636 2484 700 2529 uon
722 2463 831 2529 Baiter
852 2487 883 2529 u.
906 2463 1028 2549 Kayser
1050 2461 1133 2528 noch
1155 2462 1420 2548 cingellammert

280 2565 352 2630 sind
383 2603 420 2613 —
449 2565 509 2629 mit
535 2562 704 2651 Unreeht).
748 2565 810 2631 Mit
831 2564 935 2631 Recht
962 2563 1108 2630 bemerlrt
1134 2561 1232 2629 Helm
1260 2585 1298 2628 zu
1326 2563 1417 2629 Rosc.

282 2667 353 2730 Am.
369 2667 399 2746 2,
423 2665 496 2732 dass
519 2665 625 2731 solche
641 2666 762 2732 Stellen
783 2665 851 2732 sich
873 2665 964 2732 mehr
985 2666 1020 2730 in
1042 2665 1103 2730 den
1125 2666 1247 2730 ilteren
1260 2663 1419 2730 Schriften

282 2767 337 2832 des
372 2767 483 2834 Cicero
515 2767 633 2832 finden.
678 2766 719 2832 In
752 2766 814 2832 den
841 2765 984 2832 Werken
1017 2767 1122 2832 seinos
1154 2768 1273 2832 letzten
1300 2765 1419 2831 Decen-

280 2869 404 2945 uiums‚
427 2869 531 2933 zumnl
552 2869 587 2933 in
609 2869 670 2934 den
693 2866 985 2954 philosophicum,
1008 2868 1079 2934 sind
1102 2869 1148 2934 sic
1169 2868 1286 2934 hiichst
1307 2867 1418 2932 selten.

366 2969 473 3038 Caes.
502 2970 532 3036 b.
563 2993 590 3036 c.
620 2971 651 3054 3,
679 2970 721 3036 53
749 2992 842 3055 quem
865 2969 995 3054 Caesar,
1024 2972 1060 3034 ut
1081 2973 1151 3034 erat
1171 2970 1210 3034 de
1232 2991 1267 3035 se
1290 2969 1420 3034 meritus

280 3107 322 3121 -
350 3071 389 3134 nd
423 3071 620 3157 primipilum
653 3092 687 3136 se
719 3071 887 3139 traducere
913 3071 1142 3156 pronuntiavit.
1192 3070 1300 3137 Ueber
1326 3070 1358 3134 b.
1387 3091 1418 3154 g.

280 3174 312 3257 6,
335 3172 443 3258 9131.
467 3177 498 3256 8.
520 3173 562 3238 28
584 3172 616 3237 h.

365 3273 459 3339 Sall.
489 3274 565 3360 Jug.
592 3276 631 3339 61
656 3275 690 3338 iu
712 3274 922 3358 cis'urbibus,
950 3295 1031 3358 quae
1053 3274 1094 3338 ad
1116 3295 1149 3338 se
1172 3273 1356 3338 defecerant
1378 3310 1416 3321 -

282 3375 442 3460 praesidia
469 3375 615 3459 imponit.
645 3375 685 3440 66
707 3375 869 3461 iugurtha
899 3413 936 3424 -
967 3375 1122 3459 civitates,
1150 3395 1231 3457 quac
1253 3375 1292 3438 ud
1314 3395 1348 3438 se
1371 3373 1420 3438 de

281 3477 424 3540 lecerunt
456 3479 510 3540 ctt.
543 3476 601 3542 103
630 3477 821 3560 reputando,
849 3498 930 3561 quae
970 3477 1030 3542 sibi
1059 3475 1183 3540 duobus
1212 3475 1343 3560 procliis
1371 3497 1419 3538 ve·

282 3580 407 3642 nerant.
437 3578 478 3642 88
501 3578 614 3641 stutnit
634 3577 743 3661 nrbes,
772 3599 852 3663 quae
874 3577 950 3643 viris
972 3580 1029 3642 aut
1050 3578 1120 3642 loco
1141 3597 1201 3660 pro
1222 3576 1369 3641 hostibus
1390 3577 1422 3639 et

282 3679 452 3744 advorsum
485 3700 519 3744 se
552 3679 842 3763 opportunissimae
869 3682 976 3763 erant,
1012 3678 1156 3764 singulas
1185 3677 1419 3743 circumvenire.

283 3779 394 3844 -Im
417 3779 557 3846 Catilina
578 3781 654 3845 lrein
677 3780 825 3866 Beispiel.

367 3880 467 3945 Bell.
492 3882 571 3947 Afr.
602 3883 621 3947 8
645 3885 677 3947 et
698 3882 752 3966 qui
774 3903 846 3946 cum
868 3903 905 3946 eo
928 3880 1045 3946 bellum
1070 3883 1181 3946 contra
1202 3901 1236 3944 se
1257 3880 1420 3964 gerebant.

284 3981 375 4048 Hor.
398 4003 447 4066 ep.
470 3983 502 4066 2,
528 3985 555 4066 1,
578 3984 619 4048 83
642 3983 691 4048 vel
712 3982 787 4068 quia
809 3983 855 4048 nil
878 3985 1011 4065 rectum,
1034 3981 1097 4046 nisi
1118 3981 1203 4065 quod
1215 3981 1338 4064 placuit
1352 3980 1422 4064 sibi,

284 4083 426 4172 duc'unt.¹
439 4086 498 4148 set
521 4084 552 4166 2,
576 4086 605 4168 8,
633 4084 675 4150 82
702 4085 785 4170 quod
812 4083 873 4149 sibi
901 4083 1044 4168 poscenti
1072 4103 1139 4147 non
1161 4082 1277 4146 dantur
1298 4083 1420 4166 pocula.

285 4184 390 4249 Ovid
418 4185 490 4250 fast
520 4185 550 4267 6,
579 4185 637 4250 601
668 4186 722 4250 ubi
752 4189 821 4250 erat
847 4205 904 4250 suu
925 4185 1025 4269 regia.
1051 4185 1078 4268 1,
1102 4183 1174 4249 446.
1196 4183 1229 4267 2,
1251 4183 1324 4252 326.
1347 4185 1419 4249 met

285 4287 315 4366 8,
345 4287 418 4354 647.
450 4286 498 4371 15,
529 4285 602 4351 819.
646 4286 726 4352 Liv.
755 4289 785 4371 7,
806 4288 847 4353 37
877 4289 1004 4352 centum
1032 4285 1128 4351 boves
1157 4283 1313 4349 militibus
1340 4283 1422 4350 dono

286 4387 387 4472 dedit,
421 4388 473 4473 qni
509 4410 616 4454 secum
651 4388 685 4452 iu
720 4387 921 4473 expeditione
948 4388 1083 4452 fucrant.
1113 4387 1144 4470 8,
1171 4387 1213 4454 35
1240 4408 1330 4450 suem
1358 4387 1418 4450 ium

287 4489 387 4556 ricem
409 4489 513 4576 magis
535 4489 648 4555 anxios
669 4510 764 4575 quam
786 4489 863 4574 eius,
886 4488 937 4554 cui
959 4488 1111 4554 auxilium
1134 4488 1175 4552 sb
1197 4509 1231 4553 se
1245 4488 1420 4572 petebatur.
