<?xml version="1.0" encoding="UTF-8"?>
<!DOCTYPE html PUBLIC "-//W3C//DTD XHTML 1.0 Transitional//EN"
    "http://www.w3.org/TR/xhtml1/DTD/xhtml1-transitional.dtd">
<html xmlns="http://www.w3.org/1999/xhtml" xml:lang="en" lang="en">
 <head>
  <title>
</title>
<meta http-equiv="Content-Type" content="text/html;charset=utf-8" />
  <meta name='ocr-system' content='tesseract 3.04.00' />
  <meta name='ocr-capabilities' content='ocr_page ocr_carea ocr_par ocr_line ocrx_word'/>
</head>
<body>
  <div class='ocr_page' id='page_1' title='image "./historischesynt04draegoog_0542.png"; bbox 0 0 3056 5144; ppageno 0'>
   <div class='ocr_carea' id='block_1_1' title="bbox 750 375 984 441">
    <p class='ocr_par' dir='ltr' id='par_1_1' title="bbox 750 375 984 441">
     <span class='ocr_line' id='line_1_1' title="bbox 750 375 984 441; baseline -0.013 0"><span class='ocrx_word' id='word_1_1' title='bbox 750 375 984 441; x_wconf 82' lang='lat'><strong>-502-</strong></span> 
     </span>
    </p>
   </div>
   <div class='ocr_carea' id='block_1_2' title="bbox 259 525 1494 4573">
    <p class='ocr_par' dir='ltr' id='par_1_2' title="bbox 290 525 1411 818">
     <span class='ocr_line' id='line_1_2' title="bbox 292 525 1410 615; baseline -0.005 -21"><span class='ocrx_word' id='word_1_2' title='bbox 292 527 356 594; x_wconf 87' lang='grc'>630</span> <span class='ocrx_word' id='word_1_3' title='bbox 377 551 448 594; x_wconf 89' lang='lat' dir='ltr'>sum</span> <span class='ocrx_word' id='word_1_4' title='bbox 470 529 589 615; x_wconf 84' lang='lat' dir='ltr'>pernix</span> <span class='ocrx_word' id='word_1_5' title='bbox 611 526 770 610; x_wconf 89' lang='lat' dir='ltr'>manibus,</span> <span class='ocrx_word' id='word_1_6' title='bbox 794 525 933 615; x_wconf 90' lang='lat' dir='ltr'>pedibus</span> <span class='ocrx_word' id='word_1_7' title='bbox 955 525 1096 593; x_wconf 88' lang='lat' dir='ltr'>mobilis.</span> <span class='ocrx_word' id='word_1_8' title='bbox 1131 526 1206 597; x_wconf 79' lang='lat' dir='ltr'>Ter,</span> <span class='ocrx_word' id='word_1_9' title='bbox 1223 527 1287 593; x_wconf 87' lang='lat' dir='ltr'>Ad.</span> <span class='ocrx_word' id='word_1_10' title='bbox 1304 527 1328 605; x_wconf 92' lang='grc'>1,</span> <span class='ocrx_word' id='word_1_11' title='bbox 1341 525 1410 608; x_wconf 62' lang='lat' dir='ltr'>tto</span> 
     </span>
     <span class='ocr_line' id='line_1_3' title="bbox 290 626 1411 716; baseline -0.004 -22"><span class='ocrx_word' id='word_1_12' title='bbox 290 639 408 696; x_wconf 88' lang='lat' dir='ltr'>natura</span> <span class='ocrx_word' id='word_1_13' title='bbox 422 639 459 694; x_wconf 90' lang='lat' dir='ltr'>tu</span> <span class='ocrx_word' id='word_1_14' title='bbox 473 629 522 694; x_wconf 93' lang='lat' dir='ltr'>illi</span> <span class='ocrx_word' id='word_1_15' title='bbox 543 637 636 716; x_wconf 91' lang='lat' dir='ltr'>pater</span> <span class='ocrx_word' id='word_1_16' title='bbox 652 649 698 711; x_wconf 89' lang='lat' dir='ltr'>es,</span> <span class='ocrx_word' id='word_1_17' title='bbox 721 628 865 694; x_wconf 88' lang='lat' dir='ltr'>consiliis</span> <span class='ocrx_word' id='word_1_18' title='bbox 882 649 952 714; x_wconf 91' lang='lat' dir='ltr'>ego.</span> <span class='ocrx_word' id='word_1_19' title='bbox 981 630 1011 709; x_wconf 99' lang='lat'>4,</span> <span class='ocrx_word' id='word_1_20' title='bbox 1027 627 1059 710; x_wconf 84' lang='lat'>5,</span> <span class='ocrx_word' id='word_1_21' title='bbox 1077 628 1115 693; x_wconf 77' lang='lat'>17</span> <span class='ocrx_word' id='word_1_22' title='bbox 1138 628 1191 692; x_wconf 92' lang='lat' dir='ltr'>hic</span> <span class='ocrx_word' id='word_1_23' title='bbox 1206 649 1298 692; x_wconf 90' lang='lat' dir='ltr'>meus</span> <span class='ocrx_word' id='word_1_24' title='bbox 1313 626 1411 694; x_wconf 88' lang='lat' dir='ltr'>amicus</span> 
     </span>
     <span class='ocr_line' id='line_1_4' title="bbox 290 729 724 818; baseline -0.002 -22"><span class='ocrx_word' id='word_1_25' title='bbox 290 729 340 795; x_wconf 92' lang='lat' dir='ltr'>illi</span> <span class='ocrx_word' id='word_1_26' title='bbox 362 741 513 818; x_wconf 89' lang='lat' dir='ltr'>generest</span> <span class='ocrx_word' id='word_1_27' title='bbox 534 753 724 818; x_wconf 85' lang='lat' dir='ltr'>proxumus.</span> 
     </span>
    </p>

    <p class='ocr_par' dir='ltr' id='par_1_3' title="bbox 291 830 1494 1021">
     <span class='ocr_line' id='line_1_5' title="bbox 376 830 1494 916; baseline -0.005 -18"><span class='ocrx_word' id='word_1_28' title='bbox 376 833 443 898; x_wconf 85' lang='lat' dir='ltr'>Cio.</span> <span class='ocrx_word' id='word_1_29' title='bbox 461 833 556 898; x_wconf 88' lang='lat' dir='ltr'>Verr.</span> <span class='ocrx_word' id='word_1_30' title='bbox 573 833 617 912; x_wconf 92' lang='lat' dir='ltr'>II,</span> <span class='ocrx_word' id='word_1_31' title='bbox 644 833 728 912; x_wconf 86' lang='grc'>1,18</span> <span class='ocrx_word' id='word_1_32' title='bbox 750 830 839 896; x_wconf 86' lang='lat' dir='ltr'>mille</span> <span class='ocrx_word' id='word_1_33' title='bbox 860 853 994 896; x_wconf 89' lang='lat' dir='ltr'>numero</span> <span class='ocrx_word' id='word_1_34' title='bbox 1016 831 1160 897; x_wconf 91' lang='lat' dir='ltr'>navium.</span> <span class='ocrx_word' id='word_1_35' title='bbox 1188 831 1243 896; x_wconf 86' lang='lat' dir='ltr'>off.</span> <span class='ocrx_word' id='word_1_36' title='bbox 1261 832 1289 916; x_wconf 93' lang='lat'>1,</span> <span class='ocrx_word' id='word_1_37' title='bbox 1305 831 1343 897; x_wconf 91' lang='grc'>30</span> <span class='ocrx_word' id='word_1_38' title='bbox 1355 839 1412 894; x_wconf 88' lang='lat' dir='ltr'>sunt</span> <span class='ocrx_word' id='word_1_39' title='bbox 1493 903 1494 906; x_wconf 8' lang='grc' dir='ltr'><strong>Ἴ</strong></span> 
     </span>
     <span class='ocr_line' id='line_1_6' title="bbox 291 931 1413 1021; baseline -0.004 -22"><span class='ocrx_word' id='word_1_40' title='bbox 291 933 425 1021; x_wconf 90' lang='lat' dir='ltr'>quidam</span> <span class='ocrx_word' id='word_1_41' title='bbox 447 934 594 999; x_wconf 90' lang='lat' dir='ltr'>homines</span> <span class='ocrx_word' id='word_1_42' title='bbox 617 956 682 999; x_wconf 89' lang='lat' dir='ltr'>non</span> <span class='ocrx_word' id='word_1_43' title='bbox 704 955 756 1015; x_wconf 88' lang='lat' dir='ltr'>re,</span> <span class='ocrx_word' id='word_1_44' title='bbox 785 932 844 999; x_wconf 90' lang='lat' dir='ltr'>sed</span> <span class='ocrx_word' id='word_1_45' title='bbox 870 934 1010 998; x_wconf 89' lang='lat' dir='ltr'>nomine.</span> <span class='ocrx_word' id='word_1_46' title='bbox 1048 932 1135 1019; x_wconf 87' lang='lat' dir='ltr'>legg.</span> <span class='ocrx_word' id='word_1_47' title='bbox 1157 933 1193 1014; x_wconf 88' lang='lat'>3,</span> <span class='ocrx_word' id='word_1_48' title='bbox 1218 933 1260 997; x_wconf 88' lang='lat'>10</span> <span class='ocrx_word' id='word_1_49' title='bbox 1280 931 1361 1021; x_wconf 91' lang='lat' dir='ltr'>plebi</span> <span class='ocrx_word' id='word_1_50' title='bbox 1378 954 1413 1010; x_wconf 88' lang='lat' dir='ltr'>re,</span> 
     </span>
    </p>

    <p class='ocr_par' dir='ltr' id='par_1_4' title="bbox 259 1033 1415 1224">
     <span class='ocr_line' id='line_1_7' title="bbox 259 1033 1414 1122; baseline -0.005 -21"><span class='ocrx_word' id='word_1_51' title='bbox 259 1065 262 1072; x_wconf 94' lang='lat'>·</span> <span class='ocrx_word' id='word_1_52' title='bbox 290 1058 355 1101; x_wconf 91' lang='lat' dir='ltr'>non</span> <span class='ocrx_word' id='word_1_53' title='bbox 383 1036 485 1102; x_wconf 89' lang='lat' dir='ltr'>verbo</span> <span class='ocrx_word' id='word_1_54' title='bbox 513 1034 624 1100; x_wconf 88' lang='lat' dir='ltr'>danda</span> <span class='ocrx_word' id='word_1_55' title='bbox 655 1034 802 1100; x_wconf 87' lang='lat' dir='ltr'>libertas.</span> <span class='ocrx_word' id='word_1_56' title='bbox 845 1035 939 1101; x_wconf 89' lang='lat' dir='ltr'>Verr.</span> <span class='ocrx_word' id='word_1_57' title='bbox 966 1037 1001 1117; x_wconf 97' lang='grc'>2,</span> <span class='ocrx_word' id='word_1_58' title='bbox 1032 1036 1072 1101; x_wconf 89' lang='grc'>19</span> <span class='ocrx_word' id='word_1_59' title='bbox 1098 1035 1311 1122; x_wconf 78' lang='lat' dir='ltr'><strong>praefuerant</strong></span> <span class='ocrx_word' id='word_1_60' title='bbox 1339 1033 1414 1099; x_wconf 88' lang='lat' dir='ltr'>bonis</span> 
     </span>
     <span class='ocr_line' id='line_1_8' title="bbox 291 1135 1415 1224; baseline -0.002 -22"><span class='ocrx_word' id='word_1_61' title='bbox 291 1138 392 1203; x_wconf 89' lang='lat' dir='ltr'>verbo</span> <span class='ocrx_word' id='word_1_62' title='bbox 415 1135 614 1222; x_wconf 83' lang='lat' dir='ltr'>redigendis,</span> <span class='ocrx_word' id='word_1_63' title='bbox 637 1159 673 1202; x_wconf 91' lang='lat' dir='ltr'>re</span> <span class='ocrx_word' id='word_1_64' title='bbox 695 1137 938 1224; x_wconf 83' lang='lat' dir='ltr'>dispertiendis.</span> <span class='ocrx_word' id='word_1_65' title='bbox 969 1159 1002 1223; x_wconf 93' lang='lat' dir='ltr'>p.</span> <span class='ocrx_word' id='word_1_66' title='bbox 1027 1136 1161 1217; x_wconf 81' lang='lat' dir='ltr'>Quinct.</span> <span class='ocrx_word' id='word_1_67' title='bbox 1184 1136 1251 1214; x_wconf 78' lang='lat' dir='ltr'>2,&#39;l</span> <span class='ocrx_word' id='word_1_68' title='bbox 1274 1135 1366 1201; x_wconf 84' lang='lat' dir='ltr'>verbo</span> <span class='ocrx_word' id='word_1_69' title='bbox 1384 1171 1415 1181; x_wconf 87' lang='lat'>—</span> 
     </span>
    </p>

    <p class='ocr_par' dir='ltr' id='par_1_5' title="bbox 290 1235 1494 2746">
     <span class='ocr_line' id='line_1_9' title="bbox 290 1235 1415 1325; baseline -0.005 -21"><span class='ocrx_word' id='word_1_70' title='bbox 290 1260 327 1304; x_wconf 90' lang='lat' dir='ltr'>re</span> <span class='ocrx_word' id='word_1_71' title='bbox 342 1259 431 1303; x_wconf 90' lang='lat' dir='ltr'>vera.</span> <span class='ocrx_word' id='word_1_72' title='bbox 462 1237 557 1302; x_wconf 89' lang='lat' dir='ltr'>Verr.</span> <span class='ocrx_word' id='word_1_73' title='bbox 573 1237 621 1321; x_wconf 92' lang='lat' dir='ltr'>II,</span> <span class='ocrx_word' id='word_1_74' title='bbox 646 1241 674 1321; x_wconf 92' lang='lat'>1,</span> <span class='ocrx_word' id='word_1_75' title='bbox 690 1239 732 1304; x_wconf 91' lang='grc'>60</span> <span class='ocrx_word' id='word_1_76' title='bbox 754 1239 866 1320; x_wconf 79' lang='lat' dir='ltr'>verbo,</span> <span class='ocrx_word' id='word_1_77' title='bbox 889 1238 975 1325; x_wconf 90' lang='lat' dir='ltr'>quod</span> <span class='ocrx_word' id='word_1_78' title='bbox 998 1276 1038 1286; x_wconf 88' lang='lat'>—</span> <span class='ocrx_word' id='word_1_79' title='bbox 1061 1260 1096 1302; x_wconf 92' lang='lat' dir='ltr'>re</span> <span class='ocrx_word' id='word_1_80' title='bbox 1118 1238 1207 1324; x_wconf 91' lang='lat' dir='ltr'>quod</span> <span class='ocrx_word' id='word_1_81' title='bbox 1230 1235 1415 1322; x_wconf 90' lang='lat' dir='ltr'>(„angeblicb</span> 
     </span>
     <span class='ocr_line' id='line_1_10' title="bbox 290 1319 1494 1425; baseline -0.004 -20"><span class='ocrx_word' id='word_1_82' title='bbox 290 1340 420 1406; x_wconf 84' lang='lat' dir='ltr'>weil-</span> <span class='ocrx_word' id='word_1_83' title='bbox 444 1340 479 1404; x_wconf 90' lang='lat' dir='ltr'>in</span> <span class='ocrx_word' id='word_1_84' title='bbox 501 1338 560 1406; x_wconf 87' lang='lat' dir='ltr'>der</span> <span class='ocrx_word' id='word_1_85' title='bbox 575 1340 663 1405; x_wconf 84' lang='lat' dir='ltr'>Tbat</span> <span class='ocrx_word' id='word_1_86' title='bbox 678 1340 766 1422; x_wconf 86' lang='lat' dir='ltr'>aber,</span> <span class='ocrx_word' id='word_1_87' title='bbox 788 1338 912 1425; x_wconf 82' lang='lat' dir='ltr'>weil“).</span> <span class='ocrx_word' id='word_1_88' title='bbox 943 1339 995 1405; x_wconf 87' lang='lat' dir='ltr'>off.</span> <span class='ocrx_word' id='word_1_89' title='bbox 1011 1341 1043 1423; x_wconf 84' lang='lat'>2,</span> <span class='ocrx_word' id='word_1_90' title='bbox 1062 1341 1100 1405; x_wconf 78' lang='lat'>17</span> <span class='ocrx_word' id='word_1_91' title='bbox 1124 1349 1192 1404; x_wconf 85' lang='lat' dir='ltr'>tota</span> <span class='ocrx_word' id='word_1_92' title='bbox 1214 1339 1297 1403; x_wconf 88' lang='lat' dir='ltr'>ratio</span> <span class='ocrx_word' id='word_1_93' title='bbox 1318 1358 1416 1423; x_wconf 84' lang='lat' dir='ltr'>genere</span> <span class='ocrx_word' id='word_1_94' title='bbox 1493 1319 1494 1378; x_wconf 88' lang='grc'>1</span> 
     </span>
     <span class='ocr_line' id='line_1_11' title="bbox 291 1439 1416 1529; baseline -0.006 -22"><span class='ocrx_word' id='word_1_95' title='bbox 291 1442 410 1507; x_wconf 86' lang='lat' dir='ltr'>vitiosa</span> <span class='ocrx_word' id='word_1_96' title='bbox 445 1453 509 1522; x_wconf 91' lang='lat' dir='ltr'>est,</span> <span class='ocrx_word' id='word_1_97' title='bbox 543 1442 745 1529; x_wconf 85' lang='lat' dir='ltr'>temporibus</span> <span class='ocrx_word' id='word_1_98' title='bbox 778 1441 973 1506; x_wconf 88' lang='lat' dir='ltr'>neccssaria.</span> <span class='ocrx_word' id='word_1_99' title='bbox 1017 1441 1096 1506; x_wconf 87' lang='lat' dir='ltr'>fam.</span> <span class='ocrx_word' id='word_1_100' title='bbox 1124 1441 1160 1522; x_wconf 82' lang='lat'>5,</span> <span class='ocrx_word' id='word_1_101' title='bbox 1187 1439 1226 1505; x_wconf 90' lang='grc'>12</span> <span class='ocrx_word' id='word_1_102' title='bbox 1234 1444 1286 1524; x_wconf 90' lang='grc'>,9</span> <span class='ocrx_word' id='word_1_103' title='bbox 1313 1439 1416 1504; x_wconf 86' lang='lat' dir='ltr'>alacres</span> 
     </span>
     <span class='ocr_line' id='line_1_12' title="bbox 290 1540 1494 1631; baseline -0.004 -23"><span class='ocrx_word' id='word_1_104' title='bbox 290 1543 407 1609; x_wconf 90' lang='lat' dir='ltr'>animo.</span> <span class='ocrx_word' id='word_1_105' title='bbox 451 1542 586 1609; x_wconf 86' lang='lat' dir='ltr'>Servius</span> <span class='ocrx_word' id='word_1_106' title='bbox 609 1565 662 1631; x_wconf 91' lang='lat' dir='ltr'>ap.</span> <span class='ocrx_word' id='word_1_107' title='bbox 685 1543 755 1609; x_wconf 85' lang='lat' dir='ltr'>Cic.</span> <span class='ocrx_word' id='word_1_108' title='bbox 778 1542 855 1608; x_wconf 86' lang='lat' dir='ltr'>fam.</span> <span class='ocrx_word' id='word_1_109' title='bbox 876 1543 909 1624; x_wconf 87' lang='lat'>4,</span> <span class='ocrx_word' id='word_1_110' title='bbox 931 1543 952 1609; x_wconf 85' lang='lat'>5</span> <span class='ocrx_word' id='word_1_111' title='bbox 974 1541 1181 1630; x_wconf 82' lang='lat' dir='ltr'>tranquillior</span> <span class='ocrx_word' id='word_1_112' title='bbox 1203 1543 1322 1608; x_wconf 88' lang='lat' dir='ltr'>animo.</span> <span class='ocrx_word' id='word_1_113' title='bbox 1355 1540 1417 1604; x_wconf 86' lang='lat' dir='ltr'>lam.</span> <span class='ocrx_word' id='word_1_114' title='bbox 1493 1565 1494 1578; x_wconf 55' lang='lat'>¹</span> 
     </span>
     <span class='ocr_line' id='line_1_13' title="bbox 290 1641 1417 1730; baseline -0.005 -19"><span class='ocrx_word' id='word_1_115' title='bbox 290 1645 322 1728; x_wconf 88' lang='lat'>5,</span> <span class='ocrx_word' id='word_1_116' title='bbox 338 1646 389 1729; x_wconf 89' lang='grc'>21,</span> <span class='ocrx_word' id='word_1_117' title='bbox 413 1647 429 1708; x_wconf 92' lang='grc'>1</span> <span class='ocrx_word' id='word_1_118' title='bbox 452 1653 597 1710; x_wconf 85' lang='lat' dir='ltr'>mutatus</span> <span class='ocrx_word' id='word_1_119' title='bbox 619 1643 789 1712; x_wconf 86' lang='lat' dir='ltr'>voluntate</span> <span class='ocrx_word' id='word_1_120' title='bbox 811 1645 861 1730; x_wconf 84' lang='lat' dir='ltr'>(in</span> <span class='ocrx_word' id='word_1_121' title='bbox 883 1643 942 1709; x_wconf 87' lang='lat' dir='ltr'>der</span> <span class='ocrx_word' id='word_1_122' title='bbox 957 1643 1152 1730; x_wconf 84' lang='lat' dir='ltr'>Gesinnung</span> <span class='ocrx_word' id='word_1_123' title='bbox 1173 1641 1417 1730; x_wconf 83' lang='lat' dir='ltr'>umgewandelt).</span> 
     </span>
     <span class='ocr_line' id='line_1_14' title="bbox 290 1745 1494 1832; baseline -0.006 -20"><span class='ocrx_word' id='word_1_124' title='bbox 290 1746 375 1813; x_wconf 90' lang='lat' dir='ltr'>Phil.</span> <span class='ocrx_word' id='word_1_125' title='bbox 400 1748 436 1832; x_wconf 91' lang='grc'>2,</span> <span class='ocrx_word' id='word_1_126' title='bbox 460 1747 481 1812; x_wconf 87' lang='grc'><strong>9</strong></span> <span class='ocrx_word' id='word_1_127' title='bbox 510 1769 575 1813; x_wconf 89' lang='lat' dir='ltr'>non</span> <span class='ocrx_word' id='word_1_128' title='bbox 596 1753 665 1812; x_wconf 90' lang='lat' dir='ltr'>tota</span> <span class='ocrx_word' id='word_1_129' title='bbox 687 1769 736 1828; x_wconf 88' lang='lat' dir='ltr'>re,</span> <span class='ocrx_word' id='word_1_130' title='bbox 766 1747 823 1812; x_wconf 90' lang='lat' dir='ltr'>sed</span> <span class='ocrx_word' id='word_1_131' title='bbox 851 1745 1053 1832; x_wconf 87' lang='lat' dir='ltr'>temporibus</span> <span class='ocrx_word' id='word_1_132' title='bbox 1081 1746 1208 1810; x_wconf 88' lang='lat' dir='ltr'>errasti.</span> <span class='ocrx_word' id='word_1_133' title='bbox 1245 1747 1280 1827; x_wconf 89' lang='grc'>3,</span> <span class='ocrx_word' id='word_1_134' title='bbox 1304 1745 1417 1810; x_wconf 83' lang='lat' dir='ltr'>deuius</span> <span class='ocrx_word' id='word_1_135' title='bbox 1493 1773 1494 1793; x_wconf 62' lang='grc' dir='ltr'>ι</span> 
     </span>
     <span class='ocr_line' id='line_1_15' title="bbox 290 1843 1418 1935; baseline -0.004 -23"><span class='ocrx_word' id='word_1_136' title='bbox 290 1859 407 1915; x_wconf 89' lang='lat' dir='ltr'>natura</span> <span class='ocrx_word' id='word_1_137' title='bbox 427 1859 521 1935; x_wconf 89' lang='lat' dir='ltr'>pater</span> <span class='ocrx_word' id='word_1_138' title='bbox 545 1848 678 1933; x_wconf 89' lang='lat' dir='ltr'>(dessen</span> <span class='ocrx_word' id='word_1_139' title='bbox 700 1846 898 1914; x_wconf 83' lang='lat' dir='ltr'>natttrlicber</span> <span class='ocrx_word' id='word_1_140' title='bbox 912 1847 1035 1930; x_wconf 89' lang='lat' dir='ltr'>Vater).</span> <span class='ocrx_word' id='word_1_141' title='bbox 1066 1847 1107 1913; x_wconf 92' lang='lat' dir='ltr'>de</span> <span class='ocrx_word' id='word_1_142' title='bbox 1129 1869 1196 1912; x_wconf 91' lang='lat' dir='ltr'>sen.</span> <span class='ocrx_word' id='word_1_143' title='bbox 1220 1847 1271 1930; x_wconf 89' lang='grc'>16,</span> <span class='ocrx_word' id='word_1_144' title='bbox 1286 1847 1327 1912; x_wconf 87' lang='grc'>56</span> <span class='ocrx_word' id='word_1_145' title='bbox 1347 1843 1418 1911; x_wconf 89' lang='lat' dir='ltr'>hand</span> 
     </span>
     <span class='ocr_line' id='line_1_16' title="bbox 292 1946 1418 2036; baseline -0.003 -22"><span class='ocrx_word' id='word_1_146' title='bbox 292 1952 359 2015; x_wconf 89' lang='lat' dir='ltr'>seio</span> <span class='ocrx_word' id='word_1_147' title='bbox 383 1971 425 2015; x_wconf 93' lang='lat' dir='ltr'>an</span> <span class='ocrx_word' id='word_1_148' title='bbox 447 1949 537 2016; x_wconf 86' lang='lat' dir='ltr'>nulla</span> <span class='ocrx_word' id='word_1_149' title='bbox 559 1949 687 2016; x_wconf 85' lang='lat' dir='ltr'>beatior</span> <span class='ocrx_word' id='word_1_150' title='bbox 708 1951 813 2036; x_wconf 86' lang='lat' dir='ltr'>possit</span> <span class='ocrx_word' id='word_1_151' title='bbox 834 1971 906 2014; x_wconf 88' lang='lat' dir='ltr'>esse</span> <span class='ocrx_word' id='word_1_152' title='bbox 929 1947 1118 2032; x_wconf 87' lang='lat' dir='ltr'>(senectus),</span> <span class='ocrx_word' id='word_1_153' title='bbox 1141 1971 1247 2036; x_wconf 89' lang='lat' dir='ltr'>neque</span> <span class='ocrx_word' id='word_1_154' title='bbox 1268 1951 1366 2014; x_wconf 86' lang='lat' dir='ltr'>solum</span> <span class='ocrx_word' id='word_1_155' title='bbox 1380 1946 1418 2012; x_wconf 84' lang='lat' dir='ltr'>ol·</span> 
     </span>
     <span class='ocr_line' id='line_1_17' title="bbox 291 2050 1419 2138; baseline -0.005 -22"><span class='ocrx_word' id='word_1_156' title='bbox 291 2051 364 2118; x_wconf 87' lang='lat' dir='ltr'>licio</span> <span class='ocrx_word' id='word_1_157' title='bbox 389 2091 426 2100; x_wconf 93' lang='lat'>—</span> <span class='ocrx_word' id='word_1_158' title='bbox 451 2053 510 2118; x_wconf 89' lang='lat' dir='ltr'>sed</span> <span class='ocrx_word' id='word_1_159' title='bbox 538 2064 571 2118; x_wconf 90' lang='lat' dir='ltr'>et</span> <span class='ocrx_word' id='word_1_160' title='bbox 593 2051 809 2117; x_wconf 81' lang='lat' dir='ltr'>delectatione</span> <span class='ocrx_word' id='word_1_161' title='bbox 834 2089 871 2098; x_wconf 95' lang='lat'><em>-</em></span> <span class='ocrx_word' id='word_1_162' title='bbox 896 2059 928 2114; x_wconf 92' lang='lat' dir='ltr'>et</span> <span class='ocrx_word' id='word_1_163' title='bbox 951 2050 1121 2116; x_wconf 84' lang='lat' dir='ltr'>saturitate</span> <span class='ocrx_word' id='word_1_164' title='bbox 1144 2051 1302 2138; x_wconf 88' lang='lat' dir='ltr'>copiaque</span> <span class='ocrx_word' id='word_1_165' title='bbox 1329 2069 1419 2113; x_wconf 88' lang='lat' dir='ltr'>rernm</span> 
     </span>
     <span class='ocr_line' id='line_1_18' title="bbox 292 2148 1494 2241; baseline -0.003 -23"><span class='ocrx_word' id='word_1_166' title='bbox 292 2155 445 2219; x_wconf 91' lang='lat' dir='ltr'>omnium.</span> <span class='ocrx_word' id='word_1_167' title='bbox 474 2151 587 2241; x_wconf 88' lang='lat' dir='ltr'>parad.</span> <span class='ocrx_word' id='word_1_168' title='bbox 604 2154 669 2233; x_wconf 87' lang='lat'>3,1</span> <span class='ocrx_word' id='word_1_169' title='bbox 693 2154 765 2216; x_wconf 90' lang='lat' dir='ltr'>auri</span> <span class='ocrx_word' id='word_1_170' title='bbox 787 2151 897 2239; x_wconf 91' lang='lat' dir='ltr'>pondo</span> <span class='ocrx_word' id='word_1_171' title='bbox 920 2150 1032 2215; x_wconf 89' lang='lat' dir='ltr'>decem</span> <span class='ocrx_word' id='word_1_172' title='bbox 1047 2153 1138 2216; x_wconf 89' lang='lat' dir='ltr'>-in</span> <span class='ocrx_word' id='word_1_173' title='bbox 1156 2151 1271 2217; x_wconf 86' lang='lat' dir='ltr'>decem</span> <span class='ocrx_word' id='word_1_174' title='bbox 1292 2148 1418 2216; x_wconf 89' lang='lat' dir='ltr'>millibus</span> <span class='ocrx_word' id='word_1_175' title='bbox 1493 2159 1494 2214; x_wconf 70' lang='lat' dir='ltr'>l</span> 
     </span>
     <span class='ocr_line' id='line_1_19' title="bbox 292 2219 1494 2343; baseline -0.005 -24"><span class='ocrx_word' id='word_1_176' title='bbox 292 2255 412 2343; x_wconf 89' lang='lat' dir='ltr'>pondo.</span> <span class='ocrx_word' id='word_1_177' title='bbox 435 2295 477 2306; x_wconf 94' lang='lat'>-</span> <span class='ocrx_word' id='word_1_178' title='bbox 499 2255 573 2319; x_wconf 88' lang='lat' dir='ltr'>Liv.</span> <span class='ocrx_word' id='word_1_179' title='bbox 596 2253 648 2334; x_wconf 88' lang='grc'>35,</span> <span class='ocrx_word' id='word_1_180' title='bbox 670 2254 711 2319; x_wconf 93' lang='grc'>31</span> <span class='ocrx_word' id='word_1_181' title='bbox 735 2255 843 2340; x_wconf 89' lang='lat' dir='ltr'>specie</span> <span class='ocrx_word' id='word_1_182' title='bbox 867 2291 904 2300; x_wconf 83' lang='lat'><em>-</em></span> <span class='ocrx_word' id='word_1_183' title='bbox 928 2275 963 2318; x_wconf 86' lang='lat' dir='ltr'>re</span> <span class='ocrx_word' id='word_1_184' title='bbox 985 2274 1071 2318; x_wconf 87' lang='lat' dir='ltr'>vera.</span> <span class='ocrx_word' id='word_1_185' title='bbox 1095 2291 1136 2300; x_wconf 87' lang='lat'><em>-</em></span> <span class='ocrx_word' id='word_1_186' title='bbox 1158 2252 1253 2318; x_wconf 88' lang='lat' dir='ltr'>Nach</span> <span class='ocrx_word' id='word_1_187' title='bbox 1276 2251 1418 2335; x_wconf 77' lang='lat' dir='ltr'>Analogia</span> <span class='ocrx_word' id='word_1_188' title='bbox 1493 2219 1494 2310; x_wconf 87' lang='lat' dir='ltr'>l</span> 
     </span>
     <span class='ocr_line' id='line_1_20' title="bbox 291 2352 1417 2441; baseline -0.005 -21"><span class='ocrx_word' id='word_1_189' title='bbox 291 2378 357 2421; x_wconf 84' lang='lat' dir='ltr'>von</span> <span class='ocrx_word' id='word_1_190' title='bbox 378 2358 515 2436; x_wconf 71' lang='lat' dir='ltr'>nouae,</span> <span class='ocrx_word' id='word_1_191' title='bbox 537 2377 647 2440; x_wconf 73' lang='lat' dir='ltr'>quaere</span> <span class='ocrx_word' id='word_1_192' title='bbox 669 2366 743 2440; x_wconf 89' lang='lat' dir='ltr'>sagt</span> <span class='ocrx_word' id='word_1_193' title='bbox 765 2353 893 2421; x_wconf 83' lang='lat' dir='ltr'>Gellius</span> <span class='ocrx_word' id='word_1_194' title='bbox 918 2355 975 2437; x_wconf 88' lang='lat'>16,</span> <span class='ocrx_word' id='word_1_195' title='bbox 999 2355 1050 2438; x_wconf 88' lang='grc'>19,</span> <span class='ocrx_word' id='word_1_196' title='bbox 1073 2356 1094 2420; x_wconf 88' lang='grc'>3</span> <span class='ocrx_word' id='word_1_197' title='bbox 1116 2357 1145 2420; x_wconf 92' lang='lat' dir='ltr'>is</span> <span class='ocrx_word' id='word_1_198' title='bbox 1167 2352 1239 2420; x_wconf 90' lang='lat' dir='ltr'>loeo</span> <span class='ocrx_word' id='word_1_199' title='bbox 1264 2365 1296 2419; x_wconf 90' lang='lat' dir='ltr'>et</span> <span class='ocrx_word' id='word_1_200' title='bbox 1315 2352 1417 2441; x_wconf 89' lang='lat' dir='ltr'>oppido</span> 
     </span>
     <span class='ocr_line' id='line_1_21' title="bbox 291 2453 1419 2544; baseline -0.003 -23"><span class='ocrx_word' id='word_1_201' title='bbox 291 2455 560 2544; x_wconf 85' lang='lat' dir='ltr'>Methymnaeus,</span> <span class='ocrx_word' id='word_1_202' title='bbox 590 2468 677 2522; x_wconf 90' lang='lat' dir='ltr'>terra</span> <span class='ocrx_word' id='word_1_203' title='bbox 704 2466 802 2544; x_wconf 90' lang='lat' dir='ltr'>atque</span> <span class='ocrx_word' id='word_1_204' title='bbox 828 2458 938 2521; x_wconf 90' lang='lat' dir='ltr'>insula</span> <span class='ocrx_word' id='word_1_205' title='bbox 959 2459 1047 2523; x_wconf 89' lang='lat' dir='ltr'>omni</span> <span class='ocrx_word' id='word_1_206' title='bbox 1068 2455 1211 2521; x_wconf 85' lang='lat' dir='ltr'>Lesbius</span> <span class='ocrx_word' id='word_1_207' title='bbox 1239 2455 1310 2521; x_wconf 87' lang='lat' dir='ltr'>fuit</span> <span class='ocrx_word' id='word_1_208' title='bbox 1352 2453 1419 2521; x_wconf 81' lang='lat' dir='ltr'>sehr</span> 
     </span>
     <span class='ocr_line' id='line_1_22' title="bbox 291 2557 1418 2644; baseline -0.005 -22"><span class='ocrx_word' id='word_1_209' title='bbox 291 2557 384 2622; x_wconf 81' lang='lat' dir='ltr'>kuhn</span> <span class='ocrx_word' id='word_1_210' title='bbox 408 2559 459 2623; x_wconf 89' lang='lat' dir='ltr'>bei</span> <span class='ocrx_word' id='word_1_211' title='bbox 476 2557 576 2643; x_wconf 88' lang='lat' dir='ltr'>Apul.</span> <span class='ocrx_word' id='word_1_212' title='bbox 592 2567 668 2622; x_wconf 91' lang='lat' dir='ltr'>met.</span> <span class='ocrx_word' id='word_1_213' title='bbox 684 2557 714 2636; x_wconf 84' lang='lat'>2,</span> <span class='ocrx_word' id='word_1_214' title='bbox 731 2559 753 2622; x_wconf 84' lang='lat'>4</span> <span class='ocrx_word' id='word_1_215' title='bbox 775 2560 903 2644; x_wconf 90' lang='lat' dir='ltr'>signum</span> <span class='ocrx_word' id='word_1_216' title='bbox 923 2596 966 2607; x_wconf 92' lang='lat'>-</span> <span class='ocrx_word' id='word_1_217' title='bbox 981 2567 1073 2625; x_wconf 84' lang='lat' dir='ltr'>veste</span> <span class='ocrx_word' id='word_1_218' title='bbox 1094 2557 1258 2642; x_wconf 84' lang='lat' dir='ltr'>rellatum,</span> <span class='ocrx_word' id='word_1_219' title='bbox 1280 2576 1418 2644; x_wconf 87' lang='lat' dir='ltr'>procursu</span> 
     </span>
     <span class='ocr_line' id='line_1_23' title="bbox 291 2668 457 2746; baseline 0.018 -25"><span class='ocrx_word' id='word_1_220' title='bbox 291 2668 457 2746; x_wconf 85' lang='lat' dir='ltr'>vegetum.</span> 
     </span>
    </p>

    <p class='ocr_par' dir='ltr' id='par_1_6' title="bbox 291 2759 1494 3050">
     <span class='ocr_line' id='line_1_24' title="bbox 376 2759 1418 2849; baseline -0.007 -24"><span class='ocrx_word' id='word_1_221' title='bbox 376 2759 577 2826; x_wconf 86' lang='lat' dir='ltr'>Ausserdem</span> <span class='ocrx_word' id='word_1_222' title='bbox 593 2762 683 2826; x_wconf 85' lang='lat' dir='ltr'>eitirt</span> <span class='ocrx_word' id='word_1_223' title='bbox 697 2760 881 2847; x_wconf 85' lang='lat' dir='ltr'>Madvig:</span> <span class='ocrx_word' id='word_1_224' title='bbox 903 2781 1001 2846; x_wconf 91' lang='lat' dir='ltr'>aeger</span> <span class='ocrx_word' id='word_1_225' title='bbox 1015 2759 1166 2849; x_wconf 90' lang='lat' dir='ltr'>pedibus,</span> <span class='ocrx_word' id='word_1_226' title='bbox 1185 2760 1318 2826; x_wconf 90' lang='lat' dir='ltr'>claudus</span> <span class='ocrx_word' id='word_1_227' title='bbox 1332 2759 1418 2823; x_wconf 89' lang='lat' dir='ltr'>altero</span> 
     </span>
     <span class='ocr_line' id='line_1_25' title="bbox 292 2860 1494 2951; baseline -0.004 -25"><span class='ocrx_word' id='word_1_228' title='bbox 292 2863 385 2949; x_wconf 91' lang='lat' dir='ltr'>pede,</span> <span class='ocrx_word' id='word_1_229' title='bbox 408 2872 524 2951; x_wconf 90' lang='lat' dir='ltr'>captus</span> <span class='ocrx_word' id='word_1_230' title='bbox 546 2860 659 2944; x_wconf 88' lang='lat' dir='ltr'>oculis,</span> <span class='ocrx_word' id='word_1_231' title='bbox 683 2862 869 2951; x_wconf 88' lang='lat' dir='ltr'>eloquentia</span> <span class='ocrx_word' id='word_1_232' title='bbox 883 2863 1111 2949; x_wconf 87' lang='lat' dir='ltr'>praestantior,</span> <span class='ocrx_word' id='word_1_233' title='bbox 1134 2861 1225 2927; x_wconf 88' lang='lat' dir='ltr'>nulla</span> <span class='ocrx_word' id='word_1_234' title='bbox 1242 2885 1278 2928; x_wconf 91' lang='lat' dir='ltr'>re</span> <span class='ocrx_word' id='word_1_235' title='bbox 1290 2861 1418 2938; x_wconf 84' lang='lat' dir='ltr'>inferior,</span> <span class='ocrx_word' id='word_1_236' title='bbox 1493 2885 1494 2888; x_wconf 41' lang='lat'>¹</span> 
     </span>
     <span class='ocr_line' id='line_1_26' title="bbox 291 2962 1175 3050; baseline 0.001 -22"><span class='ocrx_word' id='word_1_237' title='bbox 291 2973 399 3030; x_wconf 86' lang='lat' dir='ltr'>aetate</span> <span class='ocrx_word' id='word_1_238' title='bbox 423 2975 455 3029; x_wconf 92' lang='lat' dir='ltr'>et</span> <span class='ocrx_word' id='word_1_239' title='bbox 475 2963 582 3049; x_wconf 88' lang='lat' dir='ltr'>gloria</span> <span class='ocrx_word' id='word_1_240' title='bbox 604 2962 809 3047; x_wconf 88' lang='lat' dir='ltr'>antecellere,</span> <span class='ocrx_word' id='word_1_241' title='bbox 832 2985 913 3048; x_wconf 88' lang='lat' dir='ltr'>gens</span> <span class='ocrx_word' id='word_1_242' title='bbox 937 2985 1053 3050; x_wconf 89' lang='lat' dir='ltr'>aspera</span> <span class='ocrx_word' id='word_1_243' title='bbox 1075 2965 1175 3029; x_wconf 87' lang='lat' dir='ltr'>cultu.</span> 
     </span>
    </p>

    <p class='ocr_par' dir='ltr' id='par_1_7' title="bbox 287 3061 1494 3438">
     <span class='ocr_line' id='line_1_27' title="bbox 376 3061 1418 3153; baseline -0.006 -22"><span class='ocrx_word' id='word_1_244' title='bbox 376 3067 461 3132; x_wconf 90' lang='lat' dir='ltr'>Dem</span> <span class='ocrx_word' id='word_1_245' title='bbox 490 3064 674 3153; x_wconf 74' lang='lat' dir='ltr'>Spdtlatein</span> <span class='ocrx_word' id='word_1_246' title='bbox 701 3065 817 3151; x_wconf 81' lang='lat' dir='ltr'>gehdrt</span> <span class='ocrx_word' id='word_1_247' title='bbox 844 3087 902 3130; x_wconf 89' lang='lat' dir='ltr'>au:</span> <span class='ocrx_word' id='word_1_248' title='bbox 930 3066 1074 3132; x_wconf 74' lang='lat' dir='ltr'>omuibus</span> <span class='ocrx_word' id='word_1_249' title='bbox 1095 3097 1137 3121; x_wconf 86' lang='lat'><em>=</em></span> <span class='ocrx_word' id='word_1_250' title='bbox 1160 3066 1347 3130; x_wconf 79' lang='grc' dir='ltr'><strong><em>παντάπασι</em></strong></span> <span class='ocrx_word' id='word_1_251' title='bbox 1371 3061 1418 3144; x_wconf 91' lang='lat' dir='ltr'>„in</span> 
     </span>
     <span class='ocr_line' id='line_1_28' title="bbox 287 3165 1417 3254; baseline -0.005 -23"><span class='ocrx_word' id='word_1_252' title='bbox 287 3165 385 3254; x_wconf 89' lang='lat' dir='ltr'>jeder</span> <span class='ocrx_word' id='word_1_253' title='bbox 405 3165 583 3231; x_wconf 84' lang='lat' dir='ltr'>Hinsieht“</span> <span class='ocrx_word' id='word_1_254' title='bbox 607 3191 634 3231; x_wconf 87' lang='lat' dir='ltr'>z.</span> <span class='ocrx_word' id='word_1_255' title='bbox 660 3167 697 3232; x_wconf 90' lang='lat' dir='ltr'>B.</span> <span class='ocrx_word' id='word_1_256' title='bbox 722 3167 821 3254; x_wconf 88' lang='lat' dir='ltr'>Apul.</span> <span class='ocrx_word' id='word_1_257' title='bbox 843 3190 886 3233; x_wconf 95' lang='lat' dir='ltr'>m.</span> <span class='ocrx_word' id='word_1_258' title='bbox 911 3169 947 3249; x_wconf 77' lang='lat'>7,</span> <span class='ocrx_word' id='word_1_259' title='bbox 974 3168 1011 3232; x_wconf 89' lang='lat' dir='ltr'>l&#39;l</span> <span class='ocrx_word' id='word_1_260' title='bbox 1040 3169 1190 3232; x_wconf 90' lang='lat' dir='ltr'>omnibus</span> <span class='ocrx_word' id='word_1_261' title='bbox 1221 3167 1277 3232; x_wconf 90' lang='lat' dir='ltr'>ille</span> <span class='ocrx_word' id='word_1_262' title='bbox 1303 3165 1417 3252; x_wconf 89' lang='lat' dir='ltr'>quidem</span> 
     </span>
     <span class='ocr_line' id='line_1_29' title="bbox 292 3267 1494 3432; baseline -0.005 -101"><span class='ocrx_word' id='word_1_263' title='bbox 292 3267 496 3333; x_wconf 83' lang='lat' dir='ltr'>deterrimus.</span> <span class='ocrx_word' id='word_1_264' title='bbox 532 3268 653 3355; x_wconf 88' lang='lat' dir='ltr'>Dictys</span> <span class='ocrx_word' id='word_1_265' title='bbox 676 3267 763 3338; x_wconf 83' lang='lat' dir='ltr'>Cret.</span> <span class='ocrx_word' id='word_1_266' title='bbox 786 3269 823 3351; x_wconf 90' lang='grc'>2,</span> <span class='ocrx_word' id='word_1_267' title='bbox 846 3269 889 3333; x_wconf 93' lang='grc'>26</span> <span class='ocrx_word' id='word_1_268' title='bbox 915 3271 985 3354; x_wconf 89' lang='lat' dir='ltr'>agri</span> <span class='ocrx_word' id='word_1_269' title='bbox 1012 3269 1202 3355; x_wconf 88' lang='lat' dir='ltr'>depraedati</span> <span class='ocrx_word' id='word_1_270' title='bbox 1224 3267 1418 3350; x_wconf 84' lang='lat' dir='ltr'>omnibusque</span> <span class='ocrx_word' id='word_1_271' title='bbox 1493 3343 1494 3432; x_wconf 33' lang='grc'>1</span> 
     </span>
     <span class='ocr_line' id='line_1_30' title="bbox 291 3370 414 3438; baseline 0.041 -6"><span class='ocrx_word' id='word_1_272' title='bbox 291 3370 414 3438; x_wconf 84' lang='lat' dir='ltr'>vexati.</span> 
     </span>
    </p>

    <p class='ocr_par' dir='ltr' id='par_1_8' title="bbox 290 3463 1494 3962">
     <span class='ocr_line' id='line_1_31' title="bbox 376 3463 1417 3551; baseline -0.003 -18"><span class='ocrx_word' id='word_1_273' title='bbox 376 3474 406 3551; x_wconf 65' lang='grc' dir='ltr'>ξ.</span> <span class='ocrx_word' id='word_1_274' title='bbox 433 3468 507 3533; x_wconf 88' lang='grc'>228.</span> <span class='ocrx_word' id='word_1_275' title='bbox 561 3469 630 3535; x_wconf 90' lang='lat' dir='ltr'>Der</span> <span class='ocrx_word' id='word_1_276' title='bbox 660 3470 879 3537; x_wconf 85' lang='lat' dir='ltr'>Ablativus</span> <span class='ocrx_word' id='word_1_277' title='bbox 914 3493 1058 3536; x_wconf 89' lang='lat' dir='ltr'>causae</span> <span class='ocrx_word' id='word_1_278' title='bbox 1091 3463 1247 3537; x_wconf 81' lang='lat' dir='ltr'>entstarid</span> <span class='ocrx_word' id='word_1_279' title='bbox 1280 3467 1417 3544; x_wconf 90' lang='lat' dir='ltr'>dadurcb,</span> 
     </span>
     <span class='ocr_line' id='line_1_32' title="bbox 290 3569 1418 3658; baseline -0.004 -22"><span class='ocrx_word' id='word_1_280' title='bbox 290 3570 366 3636; x_wconf 88' lang='lat' dir='ltr'>dass</span> <span class='ocrx_word' id='word_1_281' title='bbox 397 3570 456 3635; x_wconf 89' lang='lat' dir='ltr'>der</span> <span class='ocrx_word' id='word_1_282' title='bbox 483 3569 621 3654; x_wconf 87' lang='lat' dir='ltr'>Ablativ</span> <span class='ocrx_word' id='word_1_283' title='bbox 650 3570 707 3636; x_wconf 92' lang='lat' dir='ltr'>des</span> <span class='ocrx_word' id='word_1_284' title='bbox 735 3573 925 3658; x_wconf 88' lang='lat' dir='ltr'>Ursprungs</span> <span class='ocrx_word' id='word_1_285' title='bbox 940 3574 1011 3638; x_wconf 79' lang='lat' dir='ltr'>auf</span> <span class='ocrx_word' id='word_1_286' title='bbox 1036 3571 1180 3658; x_wconf 88' lang='lat' dir='ltr'>logisobe</span> <span class='ocrx_word' id='word_1_287' title='bbox 1211 3571 1418 3638; x_wconf 81' lang='lat' dir='ltr'>verbaltnisse</span> 
     </span>
     <span class='ocr_line' id='line_1_33' title="bbox 290 3671 1494 3786; baseline -0.002 -49"><span class='ocrx_word' id='word_1_288' title='bbox 290 3673 488 3758; x_wconf 84' lang='lat' dir='ltr'>iibertragen</span> <span class='ocrx_word' id='word_1_289' title='bbox 505 3675 606 3738; x_wconf 88' lang='lat' dir='ltr'>ward.</span> <span class='ocrx_word' id='word_1_290' title='bbox 650 3673 715 3738; x_wconf 88' lang='lat' dir='ltr'>Die</span> <span class='ocrx_word' id='word_1_291' title='bbox 730 3671 971 3760; x_wconf 81' lang='lat' dir='ltr'>Hinnuftigung</span> <span class='ocrx_word' id='word_1_292' title='bbox 994 3675 1082 3739; x_wconf 90' lang='lat' dir='ltr'>eines</span> <span class='ocrx_word' id='word_1_293' title='bbox 1103 3675 1260 3761; x_wconf 84' lang='lat' dir='ltr'>passiven</span> <span class='ocrx_word' id='word_1_294' title='bbox 1275 3671 1418 3756; x_wconf 80' lang='lat' dir='ltr'>Particips</span> <span class='ocrx_word' id='word_1_295' title='bbox 1493 3700 1494 3786; x_wconf 54' lang='lat' dir='ltr'>p</span> 
     </span>
     <span class='ocr_line' id='line_1_34' title="bbox 292 3768 1419 3862; baseline -0.003 -27"><span class='ocrx_word' id='word_1_296' title='bbox 292 3772 423 3855; x_wconf 91' lang='lat' dir='ltr'>(motus,</span> <span class='ocrx_word' id='word_1_297' title='bbox 447 3772 609 3838; x_wconf 89' lang='lat' dir='ltr'>adductus</span> <span class='ocrx_word' id='word_1_298' title='bbox 631 3797 662 3839; x_wconf 92' lang='lat' dir='ltr'>u.</span> <span class='ocrx_word' id='word_1_299' title='bbox 684 3779 725 3858; x_wconf 91' lang='lat' dir='ltr'>a.)</span> <span class='ocrx_word' id='word_1_300' title='bbox 749 3775 793 3839; x_wconf 91' lang='lat' dir='ltr'>ist</span> <span class='ocrx_word' id='word_1_301' title='bbox 813 3775 1019 3862; x_wconf 88' lang='lat' dir='ltr'>keineswegs</span> <span class='ocrx_word' id='word_1_302' title='bbox 1041 3776 1265 3862; x_wconf 86' lang='lat' dir='ltr'>nothwendig,</span> <span class='ocrx_word' id='word_1_303' title='bbox 1287 3768 1419 3840; x_wconf 78' lang='lat' dir='ltr'>wiewohl</span> 
     </span>
     <span class='ocr_line' id='line_1_35' title="bbox 292 3871 1283 3962; baseline 0.007 -27"><span class='ocrx_word' id='word_1_304' title='bbox 292 3871 351 3937; x_wconf 89' lang='lat' dir='ltr'>der</span> <span class='ocrx_word' id='word_1_305' title='bbox 371 3871 600 3960; x_wconf 87' lang='lat' dir='ltr'>Beweggrnnd</span> <span class='ocrx_word' id='word_1_306' title='bbox 622 3875 656 3938; x_wconf 90' lang='lat' dir='ltr'>in</span> <span class='ocrx_word' id='word_1_307' title='bbox 679 3874 738 3939; x_wconf 91' lang='lat' dir='ltr'>der</span> <span class='ocrx_word' id='word_1_308' title='bbox 759 3876 862 3961; x_wconf 91' lang='lat' dir='ltr'>Regel</span> <span class='ocrx_word' id='word_1_309' title='bbox 883 3897 919 3941; x_wconf 91' lang='lat' dir='ltr'>so</span> <span class='ocrx_word' id='word_1_310' title='bbox 942 3876 1167 3962; x_wconf 84' lang='lat' dir='ltr'>ansgedrttckt</span> <span class='ocrx_word' id='word_1_311' title='bbox 1188 3876 1283 3942; x_wconf 86' lang='lat' dir='ltr'>wird.</span> 
     </span>
    </p>

    <p class='ocr_par' dir='ltr' id='par_1_9' title="bbox 292 3973 1494 4606">
     <span class='ocr_line' id='line_1_36' title="bbox 372 3973 1421 4064; baseline -0.004 -26"><span class='ocrx_word' id='word_1_312' title='bbox 372 3978 405 4038; x_wconf 83' lang='grc'>1.</span> <span class='ocrx_word' id='word_1_313' title='bbox 450 3975 530 4040; x_wconf 87' lang='lat' dir='ltr'>Der</span> <span class='ocrx_word' id='word_1_314' title='bbox 559 3977 700 4041; x_wconf 89' lang='lat' dir='ltr'>innere</span> <span class='ocrx_word' id='word_1_315' title='bbox 729 3978 1024 4064; x_wconf 90' lang='lat' dir='ltr'>Beweggrund,</span> <span class='ocrx_word' id='word_1_316' title='bbox 1054 3979 1221 4044; x_wconf 87' lang='lat' dir='ltr'>entweder</span> <span class='ocrx_word' id='word_1_317' title='bbox 1248 3980 1300 4045; x_wconf 89' lang='lat' dir='ltr'>ein</span> <span class='ocrx_word' id='word_1_318' title='bbox 1324 3973 1421 4041; x_wconf 83' lang='lat' dir='ltr'>Affect</span> 
     </span>
     <span class='ocr_line' id='line_1_37' title="bbox 293 4072 1419 4168; baseline -0.001 -28"><span class='ocrx_word' id='word_1_319' title='bbox 293 4072 372 4140; x_wconf 89' lang='lat' dir='ltr'>oder</span> <span class='ocrx_word' id='word_1_320' title='bbox 393 4074 578 4162; x_wconf 79' lang='lat' dir='ltr'>iiberhaupt</span> <span class='ocrx_word' id='word_1_321' title='bbox 600 4078 653 4141; x_wconf 90' lang='lat' dir='ltr'>ein</span> <span class='ocrx_word' id='word_1_322' title='bbox 675 4079 822 4142; x_wconf 88' lang='lat' dir='ltr'>Zustand</span> <span class='ocrx_word' id='word_1_323' title='bbox 846 4079 903 4144; x_wconf 91' lang='lat' dir='ltr'>des</span> <span class='ocrx_word' id='word_1_324' title='bbox 927 4078 1115 4168; x_wconf 86' lang='lat' dir='ltr'>Subjectes:</span> <span class='ocrx_word' id='word_1_325' title='bbox 1143 4080 1250 4146; x_wconf 89' lang='lat' dir='ltr'>Plant.</span> <span class='ocrx_word' id='word_1_326' title='bbox 1272 4079 1363 4145; x_wconf 86' lang='lat' dir='ltr'>Most.</span> <span class='ocrx_word' id='word_1_327' title='bbox 1384 4073 1419 4139; x_wconf 78' lang='grc'>37</span> 
     </span>
     <span class='ocr_line' id='line_1_38' title="bbox 292 4176 1420 4264; baseline 0.002 -26"><span class='ocrx_word' id='word_1_328' title='bbox 292 4176 354 4238; x_wconf 89' lang='lat' dir='ltr'>mei</span> <span class='ocrx_word' id='word_1_329' title='bbox 378 4179 463 4262; x_wconf 87' lang='lat' dir='ltr'>tergi</span> <span class='ocrx_word' id='word_1_330' title='bbox 485 4177 569 4241; x_wconf 84' lang='lat' dir='ltr'>facio</span> <span class='ocrx_word' id='word_1_331' title='bbox 592 4178 682 4263; x_wconf 90' lang='lat' dir='ltr'>haec,</span> <span class='ocrx_word' id='word_1_332' title='bbox 705 4203 769 4244; x_wconf 87' lang='lat' dir='ltr'>non</span> <span class='ocrx_word' id='word_1_333' title='bbox 793 4182 840 4245; x_wconf 90' lang='lat' dir='ltr'>tui</span> <span class='ocrx_word' id='word_1_334' title='bbox 862 4179 994 4246; x_wconf 88' lang='lat' dir='ltr'>fiducia.</span> <span class='ocrx_word' id='word_1_335' title='bbox 1022 4181 1098 4246; x_wconf 85' lang='lat' dir='ltr'>Ter.</span> <span class='ocrx_word' id='word_1_336' title='bbox 1119 4181 1185 4246; x_wconf 86' lang='lat' dir='ltr'>Ad.</span> <span class='ocrx_word' id='word_1_337' title='bbox 1209 4182 1242 4264; x_wconf 87' lang='lat'>4,</span> <span class='ocrx_word' id='word_1_338' title='bbox 1267 4183 1293 4263; x_wconf 92' lang='lat' dir='ltr'>l,</span> <span class='ocrx_word' id='word_1_339' title='bbox 1314 4181 1349 4244; x_wconf 90' lang='grc'>21</span> <span class='ocrx_word' id='word_1_340' title='bbox 1372 4177 1420 4241; x_wconf 83' lang='lat' dir='ltr'>ho</span> 
     </span>
     <span class='ocr_line' id='line_1_39' title="bbox 292 4274 1494 4372; baseline 0.007 -35"><span class='ocrx_word' id='word_1_341' title='bbox 292 4275 374 4338; x_wconf 90' lang='lat' dir='ltr'>mini</span> <span class='ocrx_word' id='word_1_342' title='bbox 400 4274 475 4342; x_wconf 89' lang='lat' dir='ltr'>ilico</span> <span class='ocrx_word' id='word_1_343' title='bbox 503 4278 666 4344; x_wconf 83' lang='lat' dir='ltr'>lacrumae</span> <span class='ocrx_word' id='word_1_344' title='bbox 693 4280 816 4346; x_wconf 89' lang='lat' dir='ltr'>eadunt</span> <span class='ocrx_word' id='word_1_345' title='bbox 843 4282 937 4368; x_wconf 90' lang='lat' dir='ltr'>quasi</span> <span class='ocrx_word' id='word_1_346' title='bbox 958 4303 1059 4368; x_wconf 90' lang='lat' dir='ltr'>puero</span> <span class='ocrx_word' id='word_1_347' title='bbox 1080 4282 1212 4367; x_wconf 86' lang='lat' dir='ltr'>gaudio.</span> <span class='ocrx_word' id='word_1_348' title='bbox 1236 4320 1274 4332; x_wconf 87' lang='lat'>-</span> <span class='ocrx_word' id='word_1_349' title='bbox 1296 4281 1368 4346; x_wconf 83' lang='lat' dir='ltr'>Cic.</span> <span class='ocrx_word' id='word_1_350' title='bbox 1389 4299 1417 4363; x_wconf 84' lang='lat' dir='ltr'>p·</span> <span class='ocrx_word' id='word_1_351' title='bbox 1493 4299 1494 4372; x_wconf 58' lang='grc'>1</span> 
     </span>
     <span class='ocr_line' id='line_1_40' title="bbox 294 4373 1494 4471; baseline 0.007 -31"><span class='ocrx_word' id='word_1_352' title='bbox 294 4373 377 4440; x_wconf 86' lang='lat' dir='ltr'>Sest.</span> <span class='ocrx_word' id='word_1_353' title='bbox 394 4375 436 4440; x_wconf 91' lang='grc'>20</span> <span class='ocrx_word' id='word_1_354' title='bbox 457 4401 530 4442; x_wconf 88' lang='lat' dir='ltr'>cum</span> <span class='ocrx_word' id='word_1_355' title='bbox 552 4380 608 4447; x_wconf 94' lang='lat' dir='ltr'>alii</span> <span class='ocrx_word' id='word_1_356' title='bbox 630 4403 681 4446; x_wconf 90' lang='lat' dir='ltr'>me</span> <span class='ocrx_word' id='word_1_357' title='bbox 697 4383 881 4468; x_wconf 86' lang='lat' dir='ltr'>suspicione</span> <span class='ocrx_word' id='word_1_358' title='bbox 903 4384 1039 4471; x_wconf 87' lang='lat' dir='ltr'>periculi</span> <span class='ocrx_word' id='word_1_359' title='bbox 1057 4385 1108 4448; x_wconf 90' lang='lat' dir='ltr'>sui</span> <span class='ocrx_word' id='word_1_360' title='bbox 1129 4405 1195 4451; x_wconf 89' lang='lat' dir='ltr'>non</span> <span class='ocrx_word' id='word_1_361' title='bbox 1210 4381 1416 4449; x_wconf 84' lang='lat' dir='ltr'>defenderent.</span> <span class='ocrx_word' id='word_1_362' title='bbox 1493 4397 1494 4448; x_wconf 55' lang='grc' dir='ltr'><strong>ἴ</strong></span> 
     </span>
     <span class='ocr_line' id='line_1_41' title="bbox 292 4476 1416 4573; baseline -0.005 -28"><span class='ocrx_word' id='word_1_363' title='bbox 292 4495 360 4560; x_wconf 74' lang='lat' dir='ltr'>rep.</span> <span class='ocrx_word' id='word_1_364' title='bbox 381 4476 418 4559; x_wconf 84' lang='grc'>2,</span> <span class='ocrx_word' id='word_1_365' title='bbox 441 4479 480 4542; x_wconf 91' lang='grc'>31</span> <span class='ocrx_word' id='word_1_366' title='bbox 511 4489 544 4546; x_wconf 88' lang='lat' dir='ltr'>et</span> <span class='ocrx_word' id='word_1_367' title='bbox 565 4480 762 4548; x_wconf 84' lang='lat' dir='ltr'>Collatinum</span> <span class='ocrx_word' id='word_1_368' title='bbox 788 4485 996 4551; x_wconf 87' lang='lat' dir='ltr'>innocentem</span> <span class='ocrx_word' id='word_1_369' title='bbox 1024 4485 1209 4573; x_wconf 88' lang='lat' dir='ltr'>suspicione</span> <span class='ocrx_word' id='word_1_370' title='bbox 1232 4479 1416 4571; x_wconf 87' lang='lat' dir='ltr'>cognationis</span> 
     </span>
    </p>
   </div>
   <div class='ocr_carea' id='block_1_3' title="bbox 0 0 1539 5140">
    <p class='ocr_par' dir='ltr' id='par_1_10' title="bbox 0 0 1539 5140">
     <span class='ocr_line' id='line_1_42' title="bbox 0 0 1539 5140; baseline 0 0"><span class='ocrx_word' id='word_1_371' title='bbox 0 0 1539 5140; x_wconf 95' lang='lat' dir='ltr'> </span> 
     </span>
    </p>
   </div>
  </div>
 </body>
</html>
