<?xml version="1.0" encoding="UTF-8"?>
<!DOCTYPE html PUBLIC "-//W3C//DTD XHTML 1.0 Transitional//EN"
    "http://www.w3.org/TR/xhtml1/DTD/xhtml1-transitional.dtd">
<html xmlns="http://www.w3.org/1999/xhtml" xml:lang="en" lang="en">
 <head>
  <title>
</title>
<meta http-equiv="Content-Type" content="text/html;charset=utf-8" />
  <meta name='ocr-system' content='tesseract 3.04.00' />
  <meta name='ocr-capabilities' content='ocr_page ocr_carea ocr_par ocr_line ocrx_word'/>
</head>
<body>
  <div class='ocr_page' id='page_1' title='image "./historischesynt04draegoog/historischesynt04draegoog_0438.png"; bbox 0 0 3068 5138; ppageno 0'>
   <div class='ocr_carea' id='block_1_1' title="bbox 754 361 984 426">
    <p class='ocr_par' dir='ltr' id='par_1_1' title="bbox 754 361 984 426">
     <span class='ocr_line' id='line_1_1' title="bbox 754 361 984 426; baseline -0.004 0"><span class='ocrx_word' id='word_1_1' title='bbox 754 399 789 408; x_wconf 92' lang='lat'><strong>—-</strong></span> <span class='ocrx_word' id='word_1_2' title='bbox 837 361 984 426; x_wconf 88' lang='grc'><strong>398-</strong></span> 
     </span>
    </p>
   </div>
   <div class='ocr_carea' id='block_1_2' title="bbox 298 511 1514 4544">
    <p class='ocr_par' dir='ltr' id='par_1_2' title="bbox 299 511 1435 779">
     <span class='ocr_line' id='line_1_2' title="bbox 299 511 1433 594; baseline -0.003 -17"><span class='ocrx_word' id='word_1_3' title='bbox 299 515 330 577; x_wconf 91' lang='grc'><strong>3.</strong></span> <span class='ocrx_word' id='word_1_4' title='bbox 353 513 404 576; x_wconf 84' lang='grc'><strong>20.</strong></span> <span class='ocrx_word' id='word_1_5' title='bbox 426 513 458 594; x_wconf 96' lang='grc'><strong>4,</strong></span> <span class='ocrx_word' id='word_1_6' title='bbox 483 513 531 577; x_wconf 90' lang='grc'><strong>10.</strong></span> <span class='ocrx_word' id='word_1_7' title='bbox 555 513 585 586; x_wconf 87' lang='grc'><strong>6,</strong></span> <span class='ocrx_word' id='word_1_8' title='bbox 608 514 660 576; x_wconf 91' lang='grc'><strong>41.</strong></span> <span class='ocrx_word' id='word_1_9' title='bbox 687 511 1298 594; x_wconf 80' lang='grc' dir='ltr'><strong>11,29.12,1.ῠ4.13,20.14,58.</strong></span> <span class='ocrx_word' id='word_1_10' title='bbox 1326 513 1377 594; x_wconf 92' lang='lat'><strong>15,</strong></span> <span class='ocrx_word' id='word_1_11' title='bbox 1391 512 1433 575; x_wconf 89' lang='lat'>41.</span> 
     </span>
     <span class='ocr_line' id='line_1_3' title="bbox 300 611 1435 697; baseline -0.004 -18"><span class='ocrx_word' id='word_1_12' title='bbox 300 650 334 660; x_wconf 91' lang='lat'>-</span> <span class='ocrx_word' id='word_1_13' title='bbox 362 613 513 678; x_wconf 85' lang='lat' dir='ltr'><strong>Sueton</strong></span> <span class='ocrx_word' id='word_1_14' title='bbox 536 612 601 677; x_wconf 90' lang='lat' dir='ltr'>Jul.</span> <span class='ocrx_word' id='word_1_15' title='bbox 627 613 667 677; x_wconf 89' lang='lat'><strong>19</strong></span> <span class='ocrx_word' id='word_1_16' title='bbox 688 613 887 678; x_wconf 85' lang='lat' dir='ltr'><strong>destinatum</strong></span> <span class='ocrx_word' id='word_1_17' title='bbox 911 615 1060 697; x_wconf 88' lang='lat' dir='ltr'><strong>Augusto</strong></span> <span class='ocrx_word' id='word_1_18' title='bbox 1089 622 1167 680; x_wconf 85' lang='lat' dir='ltr'><strong>erat.</strong></span> <span class='ocrx_word' id='word_1_19' title='bbox 1197 612 1272 678; x_wconf 87' lang='lat' dir='ltr'>Tib.</span> <span class='ocrx_word' id='word_1_20' title='bbox 1299 613 1340 677; x_wconf 90' lang='lat'><strong>13</strong></span> <span class='ocrx_word' id='word_1_21' title='bbox 1361 611 1435 677; x_wconf 92' lang='lat' dir='ltr'>nibil</span> 
     </span>
     <span class='ocr_line' id='line_1_4' title="bbox 300 712 968 779; baseline 0.003 -3"><span class='ocrx_word' id='word_1_22' title='bbox 300 713 364 778; x_wconf 90' lang='lat' dir='ltr'>sibi</span> <span class='ocrx_word' id='word_1_23' title='bbox 385 714 574 778; x_wconf 89' lang='lat' dir='ltr'>admissum.</span> <span class='ocrx_word' id='word_1_24' title='bbox 607 713 676 778; x_wconf 85' lang='lat' dir='ltr'>Cal.</span> <span class='ocrx_word' id='word_1_25' title='bbox 700 715 748 779; x_wconf 91' lang='lat'><strong>15.</strong></span> <span class='ocrx_word' id='word_1_26' title='bbox 779 712 894 779; x_wconf 85' lang='lat' dir='ltr'>Claud.</span> <span class='ocrx_word' id='word_1_27' title='bbox 919 715 968 778; x_wconf 93' lang='grc'><strong>17.</strong></span> 
     </span>
    </p>

    <p class='ocr_par' dir='ltr' id='par_1_3' title="bbox 384 813 1303 902">
     <span class='ocr_line' id='line_1_5' title="bbox 384 813 1303 902; baseline -0.002 -23"><span class='ocrx_word' id='word_1_28' title='bbox 384 813 487 879; x_wconf 85' lang='lat' dir='ltr'>Gell.</span> <span class='ocrx_word' id='word_1_29' title='bbox 512 815 543 898; x_wconf 89' lang='lat'><strong>9,</strong></span> <span class='ocrx_word' id='word_1_30' title='bbox 565 815 595 895; x_wconf 87' lang='lat'><strong>4,</strong></span> <span class='ocrx_word' id='word_1_31' title='bbox 618 817 639 880; x_wconf 87' lang='lat'>5</span> <span class='ocrx_word' id='word_1_32' title='bbox 661 814 874 902; x_wconf 76' lang='lat' dir='ltr'>scriptoribus</span> <span class='ocrx_word' id='word_1_33' title='bbox 897 813 964 878; x_wconf 83' lang='lat' dir='ltr'><strong>fere</strong></span> <span class='ocrx_word' id='word_1_34' title='bbox 986 815 1106 880; x_wconf 85' lang='lat' dir='ltr'><strong>nostris</strong></span> <span class='ocrx_word' id='word_1_35' title='bbox 1130 816 1303 880; x_wconf 86' lang='lat' dir='ltr'><strong>intentata.</strong></span> 
     </span>
    </p>

    <p class='ocr_par' dir='ltr' id='par_1_4' title="bbox 299 893 1464 2012">
     <span class='ocr_line' id='line_1_6' title="bbox 384 893 1464 998; baseline 0.002 -20"><span class='ocrx_word' id='word_1_36' title='bbox 384 919 413 997; x_wconf 65' lang='grc' dir='ltr'><strong>ξ.</strong></span> <span class='ocrx_word' id='word_1_37' title='bbox 440 916 509 980; x_wconf 91' lang='grc'><strong>190.</strong></span> <span class='ocrx_word' id='word_1_38' title='bbox 554 915 633 980; x_wconf 88' lang='grc'><strong>1)11</strong></span> <span class='ocrx_word' id='word_1_39' title='bbox 654 915 777 980; x_wconf 85' lang='lat' dir='ltr'><strong>Dativ</strong></span> <span class='ocrx_word' id='word_1_40' title='bbox 800 915 869 980; x_wconf 89' lang='lat' dir='ltr'><strong>des</strong></span> <span class='ocrx_word' id='word_1_41' title='bbox 898 915 1187 998; x_wconf 78' lang='lat' dir='ltr'><strong>persdnlichen</strong></span> <span class='ocrx_word' id='word_1_42' title='bbox 1209 893 1464 982; x_wconf 74' lang='lat' dir='ltr'><strong>Interesses⁰</strong></span> 
     </span>
     <span class='ocr_line' id='line_1_7' title="bbox 300 1015 1433 1102; baseline -0.002 -20"><span class='ocrx_word' id='word_1_43' title='bbox 300 1017 464 1102; x_wconf 74' lang='lat' dir='ltr'><strong>(comorodi</strong></span> <span class='ocrx_word' id='word_1_44' title='bbox 486 1025 513 1082; x_wconf 89' lang='lat' dir='ltr'><strong>et</strong></span> <span class='ocrx_word' id='word_1_45' title='bbox 534 1019 732 1099; x_wconf 72' lang='lat' dir='ltr'><strong>incommode)</strong></span> <span class='ocrx_word' id='word_1_46' title='bbox 756 1015 835 1101; x_wconf 88' lang='lat' dir='ltr'><strong>geht</strong></span> <span class='ocrx_word' id='word_1_47' title='bbox 856 1015 932 1080; x_wconf 89' lang='lat' dir='ltr'><strong>sehr</strong></span> <span class='ocrx_word' id='word_1_48' title='bbox 953 1018 1047 1100; x_wconf 87' lang='lat' dir='ltr'><strong>weit,</strong></span> <span class='ocrx_word' id='word_1_49' title='bbox 1073 1016 1176 1082; x_wconf 86' lang='lat' dir='ltr'><strong>findet</strong></span> <span class='ocrx_word' id='word_1_50' title='bbox 1205 1016 1274 1082; x_wconf 87' lang='lat' dir='ltr'>sich</span> <span class='ocrx_word' id='word_1_51' title='bbox 1303 1017 1433 1102; x_wconf 84' lang='lat' dir='ltr'><strong>iiberall,</strong></span> 
     </span>
     <span class='ocr_line' id='line_1_8' title="bbox 300 1115 1432 1203; baseline -0.001 -22"><span class='ocrx_word' id='word_1_52' title='bbox 300 1116 381 1182; x_wconf 82' lang='lat' dir='ltr'>lttsst</span> <span class='ocrx_word' id='word_1_53' title='bbox 408 1117 476 1182; x_wconf 91' lang='lat' dir='ltr'>sich</span> <span class='ocrx_word' id='word_1_54' title='bbox 504 1117 583 1181; x_wconf 91' lang='lat' dir='ltr'><strong>aber</strong></span> <span class='ocrx_word' id='word_1_55' title='bbox 607 1117 699 1181; x_wconf 87' lang='lat' dir='ltr'><strong>nicht</strong></span> <span class='ocrx_word' id='word_1_56' title='bbox 725 1119 759 1181; x_wconf 90' lang='lat' dir='ltr'><strong>in</strong></span> <span class='ocrx_word' id='word_1_57' title='bbox 786 1117 971 1182; x_wconf 87' lang='lat' dir='ltr'><strong>bestimmte</strong></span> <span class='ocrx_word' id='word_1_58' title='bbox 995 1115 1119 1201; x_wconf 87' lang='lat' dir='ltr'><strong>Regeln</strong></span> <span class='ocrx_word' id='word_1_59' title='bbox 1146 1117 1295 1203; x_wconf 90' lang='lat' dir='ltr'><strong>bringen.</strong></span> <span class='ocrx_word' id='word_1_60' title='bbox 1334 1117 1432 1183; x_wconf 90' lang='lat' dir='ltr'>Plaut.</span> 
     </span>
     <span class='ocr_line' id='line_1_9' title="bbox 300 1217 1432 1306; baseline 0 -24"><span class='ocrx_word' id='word_1_61' title='bbox 300 1219 398 1282; x_wconf 90' lang='lat' dir='ltr'>Poen.</span> <span class='ocrx_word' id='word_1_62' title='bbox 421 1219 457 1300; x_wconf 88' lang='lat'><strong>5,</strong></span> <span class='ocrx_word' id='word_1_63' title='bbox 480 1219 517 1300; x_wconf 91' lang='grc'><strong>2,</strong></span> <span class='ocrx_word' id='word_1_64' title='bbox 540 1219 582 1282; x_wconf 88' lang='lat'><strong>99</strong></span> <span class='ocrx_word' id='word_1_65' title='bbox 603 1227 635 1282; x_wconf 90' lang='lat' dir='ltr'><strong>et</strong></span> <span class='ocrx_word' id='word_1_66' title='bbox 661 1220 689 1282; x_wconf 88' lang='lat' dir='ltr'>is</span> <span class='ocrx_word' id='word_1_67' title='bbox 713 1239 763 1282; x_wconf 90' lang='lat' dir='ltr'><strong>me</strong></span> <span class='ocrx_word' id='word_1_68' title='bbox 784 1217 846 1281; x_wconf 92' lang='lat' dir='ltr'>sibi</span> <span class='ocrx_word' id='word_1_69' title='bbox 870 1217 1042 1304; x_wconf 84' lang='lat' dir='ltr'><strong>adoptavit</strong></span> <span class='ocrx_word' id='word_1_70' title='bbox 1063 1218 1176 1282; x_wconf 91' lang='lat' dir='ltr'>filium.</span> <span class='ocrx_word' id='word_1_71' title='bbox 1206 1217 1326 1306; x_wconf 86' lang='lat' dir='ltr'>Amph.</span> <span class='ocrx_word' id='word_1_72' title='bbox 1350 1221 1388 1300; x_wconf 88' lang='grc'><strong>3,</strong></span> <span class='ocrx_word' id='word_1_73' title='bbox 1407 1220 1432 1299; x_wconf 93' lang='grc'><strong>2,</strong></span> 
     </span>
     <span class='ocr_line' id='line_1_10' title="bbox 299 1317 1432 1406; baseline 0.002 -23"><span class='ocrx_word' id='word_1_74' title='bbox 299 1319 340 1383; x_wconf 87' lang='grc'><strong>28</strong></span> <span class='ocrx_word' id='word_1_75' title='bbox 364 1319 411 1383; x_wconf 90' lang='lat' dir='ltr'><strong>uti</strong></span> <span class='ocrx_word' id='word_1_76' title='bbox 432 1341 483 1384; x_wconf 89' lang='lat' dir='ltr'><strong>me</strong></span> <span class='ocrx_word' id='word_1_77' title='bbox 505 1341 678 1406; x_wconf 77' lang='lat' dir='ltr'><strong>purgarem</strong></span> <span class='ocrx_word' id='word_1_78' title='bbox 701 1319 773 1386; x_wconf 91' lang='lat' dir='ltr'>tibi.</span> <span class='ocrx_word' id='word_1_79' title='bbox 802 1341 896 1384; x_wconf 91' lang='lat' dir='ltr'><strong>merc.</strong></span> <span class='ocrx_word' id='word_1_80' title='bbox 915 1317 993 1405; x_wconf 88' lang='lat' dir='ltr'>prol.</span> <span class='ocrx_word' id='word_1_81' title='bbox 1011 1320 1049 1383; x_wconf 90' lang='grc'><strong>71</strong></span> <span class='ocrx_word' id='word_1_82' title='bbox 1074 1319 1134 1385; x_wconf 94' lang='lat' dir='ltr'><strong>tibi</strong></span> <span class='ocrx_word' id='word_1_83' title='bbox 1156 1341 1240 1400; x_wconf 87' lang='lat' dir='ltr'><strong>aras,</strong></span> <span class='ocrx_word' id='word_1_84' title='bbox 1264 1319 1325 1384; x_wconf 88' lang='lat' dir='ltr'>tibi</span> <span class='ocrx_word' id='word_1_85' title='bbox 1347 1341 1432 1385; x_wconf 84' lang='lat' dir='ltr'><strong>occas</strong></span> 
     </span>
     <span class='ocr_line' id='line_1_11' title="bbox 299 1419 1432 1508; baseline -0.004 -22"><span class='ocrx_word' id='word_1_86' title='bbox 299 1430 356 1486; x_wconf 91' lang='lat' dir='ltr'>ott.</span> <span class='ocrx_word' id='word_1_87' title='bbox 387 1420 505 1486; x_wconf 85' lang='lat' dir='ltr'>Caecil.</span> <span class='ocrx_word' id='word_1_88' title='bbox 533 1421 671 1485; x_wconf 78' lang='lat' dir='ltr'><strong>Statius:</strong></span> <span class='ocrx_word' id='word_1_89' title='bbox 700 1419 819 1506; x_wconf 84' lang='lat' dir='ltr'>pelvim</span> <span class='ocrx_word' id='word_1_90' title='bbox 847 1419 921 1490; x_wconf 65' lang='lat' dir='ltr'><strong>sibix</strong></span> <span class='ocrx_word' id='word_1_91' title='bbox 940 1421 1099 1508; x_wconf 79' lang='lat' dir='ltr'>poposcit.</span> <span class='ocrx_word' id='word_1_92' title='bbox 1136 1419 1286 1485; x_wconf 86' lang='lat' dir='ltr'><strong>voluntas</strong></span> <span class='ocrx_word' id='word_1_93' title='bbox 1316 1421 1432 1487; x_wconf 92' lang='lat' dir='ltr'><strong>bomini</strong></span> 
     </span>
     <span class='ocr_line' id='line_1_12' title="bbox 299 1520 1432 1606; baseline 0 -21"><span class='ocrx_word' id='word_1_94' title='bbox 299 1531 446 1587; x_wconf 78' lang='lat' dir='ltr'><strong>rarenter</strong></span> <span class='ocrx_word' id='word_1_95' title='bbox 468 1523 567 1586; x_wconf 90' lang='lat' dir='ltr'>vonit.</span> <span class='ocrx_word' id='word_1_96' title='bbox 612 1522 723 1585; x_wconf 89' lang='lat' dir='ltr'><strong>Dabin</strong></span> <span class='ocrx_word' id='word_1_97' title='bbox 749 1521 864 1606; x_wconf 79' lang='lat' dir='ltr'><strong>gehitrt</strong></span> <span class='ocrx_word' id='word_1_98' title='bbox 891 1521 974 1586; x_wconf 86' lang='lat' dir='ltr'><strong>auch</strong></span> <span class='ocrx_word' id='word_1_99' title='bbox 1002 1522 1060 1585; x_wconf 90' lang='lat' dir='ltr'><strong>der</strong></span> <span class='ocrx_word' id='word_1_100' title='bbox 1088 1522 1140 1586; x_wconf 87' lang='lat' dir='ltr'><strong>bei</strong></span> <span class='ocrx_word' id='word_1_101' title='bbox 1168 1520 1232 1586; x_wconf 88' lang='lat' dir='ltr'><strong>den</strong></span> <span class='ocrx_word' id='word_1_102' title='bbox 1256 1521 1432 1587; x_wconf 84' lang='lat' dir='ltr'><strong>Komilrem</strong></span> 
     </span>
     <span class='ocr_line' id='line_1_13' title="bbox 300 1621 1431 1706; baseline 0.001 -21"><span class='ocrx_word' id='word_1_103' title='bbox 300 1623 440 1706; x_wconf 66' lang='lat' dir='ltr'><strong>htufige,</strong></span> <span class='ocrx_word' id='word_1_104' title='bbox 464 1624 516 1687; x_wconf 89' lang='lat' dir='ltr'><strong>bei</strong></span> <span class='ocrx_word' id='word_1_105' title='bbox 530 1623 673 1687; x_wconf 79' lang='lat' dir='ltr'><strong>anderen</strong></span> <span class='ocrx_word' id='word_1_106' title='bbox 695 1622 816 1687; x_wconf 89' lang='lat' dir='ltr'><strong>seltcne</strong></span> <span class='ocrx_word' id='word_1_107' title='bbox 831 1623 944 1706; x_wconf 88' lang='lat' dir='ltr'><strong>Dativ,</strong></span> <span class='ocrx_word' id='word_1_108' title='bbox 969 1623 1026 1687; x_wconf 89' lang='lat' dir='ltr'><strong>der</strong></span> <span class='ocrx_word' id='word_1_109' title='bbox 1041 1624 1100 1686; x_wconf 90' lang='lat' dir='ltr'><strong>mit</strong></span> <span class='ocrx_word' id='word_1_110' title='bbox 1114 1621 1350 1688; x_wconf 86' lang='lat' dir='ltr'><strong>Adverbisn</strong></span> <span class='ocrx_word' id='word_1_111' title='bbox 1374 1622 1431 1686; x_wconf 91' lang='lat' dir='ltr'><strong>und</strong></span> 
     </span>
     <span class='ocr_line' id='line_1_14' title="bbox 301 1723 1432 1812; baseline -0.001 -24"><span class='ocrx_word' id='word_1_112' title='bbox 301 1724 623 1812; x_wconf 87' lang='lat' dir='ltr'><strong>Interjeotionen</strong></span> <span class='ocrx_word' id='word_1_113' title='bbox 646 1723 835 1788; x_wconf 84' lang='lat' dir='ltr'><strong>verbunden</strong></span> <span class='ocrx_word' id='word_1_114' title='bbox 859 1724 914 1788; x_wconf 89' lang='lat' dir='ltr'>ist:</span> <span class='ocrx_word' id='word_1_115' title='bbox 947 1723 1096 1787; x_wconf 83' lang='lat' dir='ltr'><strong>Plautus:</strong></span> <span class='ocrx_word' id='word_1_116' title='bbox 1127 1724 1209 1788; x_wconf 89' lang='lat' dir='ltr'><strong>bene</strong></span> <span class='ocrx_word' id='word_1_117' title='bbox 1232 1723 1328 1805; x_wconf 91' lang='lat' dir='ltr'><strong>mihi,</strong></span> <span class='ocrx_word' id='word_1_118' title='bbox 1359 1723 1432 1787; x_wconf 86' lang='lat' dir='ltr'><strong>bene</strong></span> 
     </span>
     <span class='ocr_line' id='line_1_15' title="bbox 300 1822 1432 1890; baseline 0.001 -4"><span class='ocrx_word' id='word_1_119' title='bbox 300 1845 391 1888; x_wconf 90' lang='lat' dir='ltr'><strong>meae</strong></span> <span class='ocrx_word' id='word_1_120' title='bbox 412 1825 546 1889; x_wconf 88' lang='lat' dir='ltr'><strong>amicae.</strong></span> <span class='ocrx_word' id='word_1_121' title='bbox 578 1825 660 1890; x_wconf 90' lang='lat' dir='ltr'><strong>bene</strong></span> <span class='ocrx_word' id='word_1_122' title='bbox 676 1825 780 1889; x_wconf 88' lang='lat' dir='ltr'>vobis.</span> <span class='ocrx_word' id='word_1_123' title='bbox 807 1823 858 1888; x_wconf 89' lang='lat' dir='ltr'><strong>hei</strong></span> <span class='ocrx_word' id='word_1_124' title='bbox 881 1824 971 1888; x_wconf 91' lang='lat' dir='ltr'>mihi.</span> <span class='ocrx_word' id='word_1_125' title='bbox 1001 1822 1074 1888; x_wconf 91' lang='lat' dir='ltr'><strong>bem</strong></span> <span class='ocrx_word' id='word_1_126' title='bbox 1097 1823 1170 1888; x_wconf 91' lang='lat' dir='ltr'>tibi.</span> <span class='ocrx_word' id='word_1_127' title='bbox 1202 1845 1253 1887; x_wconf 91' lang='lat' dir='ltr'><strong>em</strong></span> <span class='ocrx_word' id='word_1_128' title='bbox 1276 1825 1349 1889; x_wconf 86' lang='lat' dir='ltr'>tibi.</span> <span class='ocrx_word' id='word_1_129' title='bbox 1379 1847 1432 1888; x_wconf 86' lang='lat' dir='ltr'><strong>rae</strong></span> 
     </span>
     <span class='ocr_line' id='line_1_16' title="bbox 300 1925 1431 2012; baseline 0.001 -25"><span class='ocrx_word' id='word_1_130' title='bbox 300 1926 388 1992; x_wconf 90' lang='lat' dir='ltr'>mibi.</span> <span class='ocrx_word' id='word_1_131' title='bbox 418 1947 480 1989; x_wconf 89' lang='lat' dir='ltr'><strong>vae</strong></span> <span class='ocrx_word' id='word_1_132' title='bbox 494 1926 594 2012; x_wconf 89' lang='lat' dir='ltr'><strong>capiti</strong></span> <span class='ocrx_word' id='word_1_133' title='bbox 615 1935 681 1990; x_wconf 93' lang='lat' dir='ltr'>tuo.</span> <span class='ocrx_word' id='word_1_134' title='bbox 711 1947 772 1990; x_wconf 87' lang='lat' dir='ltr'><strong>vae</strong></span> <span class='ocrx_word' id='word_1_135' title='bbox 787 1935 913 1989; x_wconf 83' lang='lat' dir='ltr'><strong>vostrae</strong></span> <span class='ocrx_word' id='word_1_136' title='bbox 927 1925 1036 1990; x_wconf 88' lang='lat' dir='ltr'><strong>aetati.</strong></span> <span class='ocrx_word' id='word_1_137' title='bbox 1066 1925 1160 1988; x_wconf 84' lang='lat' dir='ltr'><strong>Eheu</strong></span> <span class='ocrx_word' id='word_1_138' title='bbox 1183 1948 1218 1990; x_wconf 95' lang='lat' dir='ltr'>so</span> <span class='ocrx_word' id='word_1_139' title='bbox 1233 1925 1288 1990; x_wconf 89' lang='lat' dir='ltr'><strong>bei</strong></span> <span class='ocrx_word' id='word_1_140' title='bbox 1302 1925 1431 1990; x_wconf 84' lang='lat' dir='ltr'><strong>Terens.</strong></span> 
     </span>
    </p>

    <p class='ocr_par' dir='ltr' id='par_1_5' title="bbox 298 2025 1514 3917">
     <span class='ocr_line' id='line_1_17' title="bbox 384 2025 1430 2109; baseline 0 -19"><span class='ocrx_word' id='word_1_141' title='bbox 384 2026 462 2091; x_wconf 87' lang='lat' dir='ltr'>Cic.</span> <span class='ocrx_word' id='word_1_142' title='bbox 480 2028 572 2091; x_wconf 89' lang='lat' dir='ltr'><strong>Verr.</strong></span> <span class='ocrx_word' id='word_1_143' title='bbox 588 2029 621 2109; x_wconf 92' lang='grc'><strong>2,</strong></span> <span class='ocrx_word' id='word_1_144' title='bbox 637 2029 656 2092; x_wconf 98' lang='lat'>8</span> <span class='ocrx_word' id='word_1_145' title='bbox 672 2027 831 2092; x_wconf 91' lang='lat' dir='ltr'><strong>homiuem</strong></span> <span class='ocrx_word' id='word_1_146' title='bbox 844 2026 966 2089; x_wconf 92' lang='lat' dir='ltr'><strong>Veneri</strong></span> <span class='ocrx_word' id='word_1_147' title='bbox 980 2025 1133 2107; x_wconf 82' lang='lat' dir='ltr'>absolvit,</span> <span class='ocrx_word' id='word_1_148' title='bbox 1154 2026 1218 2090; x_wconf 87' lang='lat' dir='ltr'>sibi</span> <span class='ocrx_word' id='word_1_149' title='bbox 1233 2026 1430 2092; x_wconf 80' lang='lat' dir='ltr'><strong>condemnat.</strong></span> 
     </span>
     <span class='ocr_line' id='line_1_18' title="bbox 300 2126 1513 2210; baseline 0.002 -20"><span class='ocrx_word' id='word_1_150' title='bbox 300 2127 394 2192; x_wconf 88' lang='lat' dir='ltr'><strong>Eben</strong></span> <span class='ocrx_word' id='word_1_151' title='bbox 416 2150 452 2192; x_wconf 92' lang='lat' dir='ltr'>so</span> <span class='ocrx_word' id='word_1_152' title='bbox 475 2129 510 2208; x_wconf 87' lang='lat'><strong>3,</strong></span> <span class='ocrx_word' id='word_1_153' title='bbox 536 2129 589 2208; x_wconf 84' lang='lat'><strong>12,</strong></span> <span class='ocrx_word' id='word_1_154' title='bbox 612 2131 663 2194; x_wconf 89' lang='grc'><strong>31.</strong></span> <span class='ocrx_word' id='word_1_155' title='bbox 694 2129 749 2194; x_wconf 85' lang='lat' dir='ltr'>cll.</span> <span class='ocrx_word' id='word_1_156' title='bbox 773 2126 1083 2210; x_wconf 87' lang='lat' dir='ltr'><strong>3,15nonsolum</strong></span> <span class='ocrx_word' id='word_1_157' title='bbox 1106 2128 1201 2192; x_wconf 89' lang='lat' dir='ltr'>uobis</span> <span class='ocrx_word' id='word_1_158' title='bbox 1225 2128 1347 2194; x_wconf 84' lang='lat' dir='ltr'><strong>divites</strong></span> <span class='ocrx_word' id='word_1_159' title='bbox 1370 2149 1431 2192; x_wconf 81' lang='lat' dir='ltr'><strong>esse</strong></span> <span class='ocrx_word' id='word_1_160' title='bbox 1512 2163 1513 2178; x_wconf 72' lang='lat'><strong>.</strong></span> 
     </span>
     <span class='ocr_line' id='line_1_19' title="bbox 299 2227 1430 2316; baseline 0.001 -25"><span class='ocrx_word' id='word_1_161' title='bbox 299 2227 461 2310; x_wconf 85' lang='lat' dir='ltr'>volumus,</span> <span class='ocrx_word' id='word_1_162' title='bbox 485 2228 543 2292; x_wconf 91' lang='lat' dir='ltr'><strong>sed</strong></span> <span class='ocrx_word' id='word_1_163' title='bbox 564 2227 686 2311; x_wconf 92' lang='lat' dir='ltr'><strong>liberis,</strong></span> <span class='ocrx_word' id='word_1_164' title='bbox 709 2229 898 2316; x_wconf 87' lang='lat' dir='ltr'>propinquis</span> <span class='ocrx_word' id='word_1_165' title='bbox 921 2238 974 2295; x_wconf 89' lang='lat' dir='ltr'>ott.</span> <span class='ocrx_word' id='word_1_166' title='bbox 1001 2229 1035 2292; x_wconf 91' lang='lat' dir='ltr'><strong>in</strong></span> <span class='ocrx_word' id='word_1_167' title='bbox 1057 2229 1125 2293; x_wconf 90' lang='lat' dir='ltr'>Pis.</span> <span class='ocrx_word' id='word_1_168' title='bbox 1149 2230 1190 2292; x_wconf 92' lang='grc'><strong>12</strong></span> <span class='ocrx_word' id='word_1_169' title='bbox 1212 2229 1382 2316; x_wconf 88' lang='lat' dir='ltr'><strong>quisquam</strong></span> <span class='ocrx_word' id='word_1_170' title='bbox 1402 2230 1430 2293; x_wconf 91' lang='lat' dir='ltr'><strong>in</strong></span> 
     </span>
     <span class='ocr_line' id='line_1_20' title="bbox 299 2329 1430 2417; baseline -0.004 -23"><span class='ocrx_word' id='word_1_171' title='bbox 299 2330 422 2394; x_wconf 89' lang='lat' dir='ltr'><strong>curiam</strong></span> <span class='ocrx_word' id='word_1_172' title='bbox 446 2331 589 2394; x_wconf 85' lang='lat' dir='ltr'><strong>venienti</strong></span> <span class='ocrx_word' id='word_1_173' title='bbox 612 2329 813 2396; x_wconf 79' lang='lat' dir='ltr'><strong>assurrexit?</strong></span> <span class='ocrx_word' id='word_1_174' title='bbox 841 2331 912 2396; x_wconf 80' lang='lat' dir='ltr'>Cat.</span> <span class='ocrx_word' id='word_1_175' title='bbox 935 2332 972 2411; x_wconf 90' lang='grc'><strong>2,</strong></span> <span class='ocrx_word' id='word_1_176' title='bbox 995 2331 1015 2395; x_wconf 94' lang='lat'>8</span> <span class='ocrx_word' id='word_1_177' title='bbox 1038 2351 1154 2394; x_wconf 90' lang='lat' dir='ltr'><strong>sanare</strong></span> <span class='ocrx_word' id='word_1_178' title='bbox 1182 2330 1248 2395; x_wconf 90' lang='lat' dir='ltr'>sibi</span> <span class='ocrx_word' id='word_1_179' title='bbox 1273 2331 1370 2417; x_wconf 90' lang='lat' dir='ltr'>ipsos.</span> <span class='ocrx_word' id='word_1_180' title='bbox 1404 2352 1430 2415; x_wconf 91' lang='lat' dir='ltr'><strong>p.</strong></span> 
     </span>
     <span class='ocr_line' id='line_1_21' title="bbox 300 2429 1430 2520; baseline -0.003 -24"><span class='ocrx_word' id='word_1_181' title='bbox 300 2429 416 2496; x_wconf 84' lang='lat' dir='ltr'><strong>Flacco</strong></span> <span class='ocrx_word' id='word_1_182' title='bbox 438 2431 459 2495; x_wconf 84' lang='lat'>5</span> <span class='ocrx_word' id='word_1_183' title='bbox 481 2453 561 2518; x_wconf 91' lang='lat' dir='ltr'><strong>quas</strong></span> <span class='ocrx_word' id='word_1_184' title='bbox 584 2432 647 2496; x_wconf 90' lang='lat' dir='ltr'>sibi</span> <span class='ocrx_word' id='word_1_185' title='bbox 670 2433 821 2518; x_wconf 81' lang='lat' dir='ltr'>suscepit.</span> <span class='ocrx_word' id='word_1_186' title='bbox 852 2457 883 2520; x_wconf 88' lang='lat' dir='ltr'>p.</span> <span class='ocrx_word' id='word_1_187' title='bbox 901 2433 995 2497; x_wconf 81' lang='lat' dir='ltr'>Font.</span> <span class='ocrx_word' id='word_1_188' title='bbox 1017 2432 1057 2494; x_wconf 88' lang='lat'><strong>10</strong></span> <span class='ocrx_word' id='word_1_189' title='bbox 1078 2430 1138 2496; x_wconf 82' lang='lat' dir='ltr'><strong>hoc</strong></span> <span class='ocrx_word' id='word_1_190' title='bbox 1161 2431 1226 2496; x_wconf 90' lang='lat' dir='ltr'>sibi</span> <span class='ocrx_word' id='word_1_191' title='bbox 1249 2432 1430 2518; x_wconf 81' lang='lat' dir='ltr'>suscipient.</span> 
     </span>
     <span class='ocr_line' id='line_1_22' title="bbox 301 2531 1514 2619; baseline -0.002 -23"><span class='ocrx_word' id='word_1_192' title='bbox 301 2532 371 2596; x_wconf 87' lang='lat' dir='ltr'><strong>Cat.</strong></span> <span class='ocrx_word' id='word_1_193' title='bbox 394 2533 431 2613; x_wconf 83' lang='lat'><strong>2,</strong></span> <span class='ocrx_word' id='word_1_194' title='bbox 454 2533 474 2596; x_wconf 89' lang='grc'><strong>3</strong></span> <span class='ocrx_word' id='word_1_195' title='bbox 502 2531 564 2597; x_wconf 91' lang='lat' dir='ltr'>sibi</span> <span class='ocrx_word' id='word_1_196' title='bbox 594 2531 827 2619; x_wconf 82' lang='lat' dir='ltr'><strong>depoposcerit</strong></span> <span class='ocrx_word' id='word_1_197' title='bbox 864 2533 960 2598; x_wconf 86' lang='lat' dir='ltr'>Tuae.</span> <span class='ocrx_word' id='word_1_198' title='bbox 982 2533 1022 2614; x_wconf 91' lang='lat'><strong>5,</strong></span> <span class='ocrx_word' id='word_1_199' title='bbox 1048 2534 1087 2597; x_wconf 90' lang='grc'><strong>14</strong></span> <span class='ocrx_word' id='word_1_200' title='bbox 1114 2533 1223 2598; x_wconf 88' lang='lat' dir='ltr'><strong>omnia</strong></span> <span class='ocrx_word' id='word_1_201' title='bbox 1252 2534 1315 2598; x_wconf 86' lang='lat' dir='ltr'>sibi</span> <span class='ocrx_word' id='word_1_202' title='bbox 1344 2534 1375 2598; x_wconf 92' lang='lat' dir='ltr'><strong>in</strong></span> <span class='ocrx_word' id='word_1_203' title='bbox 1401 2553 1430 2595; x_wconf 89' lang='lat' dir='ltr'>se</span> <span class='ocrx_word' id='word_1_204' title='bbox 1513 2562 1514 2610; x_wconf 73' lang='lat' dir='ltr'>l</span> 
     </span>
     <span class='ocr_line' id='line_1_23' title="bbox 300 2631 1428 2718; baseline -0.002 -21"><span class='ocrx_word' id='word_1_205' title='bbox 300 2634 416 2718; x_wconf 85' lang='lat' dir='ltr'>posita.</span> <span class='ocrx_word' id='word_1_206' title='bbox 447 2655 477 2696; x_wconf 93' lang='lat' dir='ltr'>n.</span> <span class='ocrx_word' id='word_1_207' title='bbox 500 2632 532 2696; x_wconf 94' lang='lat' dir='ltr'>d.</span> <span class='ocrx_word' id='word_1_208' title='bbox 554 2635 586 2715; x_wconf 89' lang='grc'><strong>3,</strong></span> <span class='ocrx_word' id='word_1_209' title='bbox 613 2635 661 2715; x_wconf 91' lang='grc'><strong>10,</strong></span> <span class='ocrx_word' id='word_1_210' title='bbox 686 2634 738 2698; x_wconf 92' lang='grc'><strong>26.</strong></span> <span class='ocrx_word' id='word_1_211' title='bbox 768 2633 836 2701; x_wconf 83' lang='lat' dir='ltr'><strong>Cat.</strong></span> <span class='ocrx_word' id='word_1_212' title='bbox 859 2636 890 2712; x_wconf 89' lang='lat'><strong>4,</strong></span> <span class='ocrx_word' id='word_1_213' title='bbox 914 2635 944 2714; x_wconf 87' lang='grc'><strong>4,</strong></span> <span class='ocrx_word' id='word_1_214' title='bbox 968 2634 997 2702; x_wconf 91' lang='grc'><strong>8.</strong></span> <span class='ocrx_word' id='word_1_215' title='bbox 1029 2633 1112 2700; x_wconf 90' lang='lat' dir='ltr'>Phil.</span> <span class='ocrx_word' id='word_1_216' title='bbox 1137 2635 1165 2718; x_wconf 94' lang='lat' dir='ltr'><strong>l,</strong></span> <span class='ocrx_word' id='word_1_217' title='bbox 1191 2635 1242 2716; x_wconf 87' lang='lat'><strong>15,</strong></span> <span class='ocrx_word' id='word_1_218' title='bbox 1265 2635 1316 2700; x_wconf 93' lang='lat'><strong>38.</strong></span> <span class='ocrx_word' id='word_1_219' title='bbox 1360 2631 1428 2698; x_wconf 90' lang='lat' dir='ltr'><strong>Und</strong></span> 
     </span>
     <span class='ocr_line' id='line_1_24' title="bbox 300 2734 1430 2822; baseline 0 -24"><span class='ocrx_word' id='word_1_220' title='bbox 300 2756 336 2798; x_wconf 89' lang='lat' dir='ltr'>so</span> <span class='ocrx_word' id='word_1_221' title='bbox 364 2734 459 2799; x_wconf 77' lang='lat' dir='ltr'><strong>lister.</strong></span> <span class='ocrx_word' id='word_1_222' title='bbox 497 2735 603 2803; x_wconf 81' lang='lat' dir='ltr'>Caes.</span> <span class='ocrx_word' id='word_1_223' title='bbox 631 2735 663 2798; x_wconf 93' lang='lat' dir='ltr'><strong>b.</strong></span> <span class='ocrx_word' id='word_1_224' title='bbox 690 2757 722 2820; x_wconf 92' lang='lat' dir='ltr'>g.</span> <span class='ocrx_word' id='word_1_225' title='bbox 754 2737 787 2818; x_wconf 91' lang='lat' dir='ltr'><strong>l,</strong></span> <span class='ocrx_word' id='word_1_226' title='bbox 816 2735 856 2800; x_wconf 88' lang='grc'><strong>20</strong></span> <span class='ocrx_word' id='word_1_227' title='bbox 882 2757 917 2799; x_wconf 91' lang='lat' dir='ltr'><strong>se</strong></span> <span class='ocrx_word' id='word_1_228' title='bbox 944 2735 1121 2822; x_wconf 85' lang='lat' dir='ltr'><strong>praeterita</strong></span> <span class='ocrx_word' id='word_1_229' title='bbox 1148 2735 1316 2800; x_wconf 86' lang='lat' dir='ltr'><strong>Divitiaco</strong></span> <span class='ocrx_word' id='word_1_230' title='bbox 1344 2735 1430 2798; x_wconf 88' lang='lat' dir='ltr'><strong>fratri</strong></span> 
     </span>
     <span class='ocr_line' id='line_1_25' title="bbox 300 2835 1429 2921; baseline -0.001 -23"><span class='ocrx_word' id='word_1_231' title='bbox 300 2836 483 2901; x_wconf 87' lang='lat' dir='ltr'><strong>condonare</strong></span> <span class='ocrx_word' id='word_1_232' title='bbox 512 2835 624 2918; x_wconf 85' lang='lat' dir='ltr'><strong>(„dem</strong></span> <span class='ocrx_word' id='word_1_233' title='bbox 652 2835 695 2899; x_wconf 93' lang='lat' dir='ltr'>D.</span> <span class='ocrx_word' id='word_1_234' title='bbox 726 2858 766 2900; x_wconf 84' lang='lat' dir='ltr'><strong>zu</strong></span> <span class='ocrx_word' id='word_1_235' title='bbox 793 2835 989 2921; x_wconf 81' lang='lat' dir='ltr'>Gefallen.“)</span> <span class='ocrx_word' id='word_1_236' title='bbox 1017 2836 1049 2900; x_wconf 94' lang='lat' dir='ltr'>b.</span> <span class='ocrx_word' id='word_1_237' title='bbox 1073 2858 1099 2899; x_wconf 96' lang='lat' dir='ltr'><strong>c.</strong></span> <span class='ocrx_word' id='word_1_238' title='bbox 1131 2838 1166 2917; x_wconf 92' lang='lat'><strong>1,</strong></span> <span class='ocrx_word' id='word_1_239' title='bbox 1189 2837 1209 2901; x_wconf 94' lang='lat'>8</span> <span class='ocrx_word' id='word_1_240' title='bbox 1236 2835 1429 2901; x_wconf 86' lang='lat' dir='ltr'><strong>iracundiam</strong></span> 
     </span>
     <span class='ocr_line' id='line_1_26' title="bbox 300 2936 1429 3024; baseline -0.002 -22"><span class='ocrx_word' id='word_1_241' title='bbox 300 2959 391 3002; x_wconf 87' lang='lat' dir='ltr'><strong>suam</strong></span> <span class='ocrx_word' id='word_1_242' title='bbox 418 2938 617 3024; x_wconf 89' lang='lat' dir='ltr'><strong>reipublicae</strong></span> <span class='ocrx_word' id='word_1_243' title='bbox 647 2939 823 3002; x_wconf 87' lang='lat' dir='ltr'><strong>remittere.</strong></span> <span class='ocrx_word' id='word_1_244' title='bbox 872 2937 964 3003; x_wconf 85' lang='lat' dir='ltr'>Sall.</span> <span class='ocrx_word' id='word_1_245' title='bbox 988 2938 1084 3024; x_wconf 88' lang='lat' dir='ltr'><strong>frgm.</strong></span> <span class='ocrx_word' id='word_1_246' title='bbox 1108 2937 1145 3015; x_wconf 89' lang='lat'><strong>5,</strong></span> <span class='ocrx_word' id='word_1_247' title='bbox 1170 2939 1207 3020; x_wconf 92' lang='grc'><strong>2,</strong></span> <span class='ocrx_word' id='word_1_248' title='bbox 1233 2938 1273 3002; x_wconf 90' lang='grc'><strong>16</strong></span> <span class='ocrx_word' id='word_1_249' title='bbox 1295 2937 1352 3001; x_wconf 88' lang='lat' dir='ltr'>Kr.</span> <span class='ocrx_word' id='word_1_250' title='bbox 1379 2936 1429 3000; x_wconf 89' lang='lat' dir='ltr'><strong>uni</strong></span> 
     </span>
     <span class='ocr_line' id='line_1_27' title="bbox 300 3037 1428 3127; baseline -0.003 -23"><span class='ocrx_word' id='word_1_251' title='bbox 300 3039 364 3104; x_wconf 89' lang='lat' dir='ltr'>sibi</span> <span class='ocrx_word' id='word_1_252' title='bbox 388 3037 585 3104; x_wconf 84' lang='lat' dir='ltr'><strong>descendere</strong></span> <span class='ocrx_word' id='word_1_253' title='bbox 607 3061 706 3126; x_wconf 89' lang='lat' dir='ltr'><strong>equo,</strong></span> <span class='ocrx_word' id='word_1_254' title='bbox 736 3048 904 3126; x_wconf 82' lang='lat' dir='ltr'><strong>assurgere</strong></span> <span class='ocrx_word' id='word_1_255' title='bbox 931 3079 977 3121; x_wconf 95' lang='lat'><strong>-,</strong></span> <span class='ocrx_word' id='word_1_256' title='bbox 1005 3049 1105 3127; x_wconf 87' lang='lat' dir='ltr'><strong>caput</strong></span> <span class='ocrx_word' id='word_1_257' title='bbox 1130 3041 1268 3126; x_wconf 86' lang='lat' dir='ltr'><strong>aperire.</strong></span> <span class='ocrx_word' id='word_1_258' title='bbox 1299 3039 1381 3104; x_wconf 86' lang='lat' dir='ltr'>Lir.</span> <span class='ocrx_word' id='word_1_259' title='bbox 1401 3037 1428 3117; x_wconf 88' lang='grc'><strong>9,</strong></span> 
     </span>
     <span class='ocr_line' id='line_1_28' title="bbox 299 3139 1428 3228; baseline -0.003 -24"><span class='ocrx_word' id='word_1_260' title='bbox 299 3140 340 3204; x_wconf 88' lang='grc'><strong>38</strong></span> <span class='ocrx_word' id='word_1_261' title='bbox 362 3149 400 3204; x_wconf 92' lang='lat' dir='ltr'><strong>ut</strong></span> <span class='ocrx_word' id='word_1_262' title='bbox 421 3142 607 3204; x_wconf 90' lang='lat' dir='ltr'><strong>memoriam</strong></span> <span class='ocrx_word' id='word_1_263' title='bbox 631 3139 842 3207; x_wconf 86' lang='lat' dir='ltr'><strong>simultatium</strong></span> <span class='ocrx_word' id='word_1_264' title='bbox 856 3142 981 3228; x_wconf 81' lang='lat' dir='ltr'><strong>patriae</strong></span> <span class='ocrx_word' id='word_1_265' title='bbox 995 3142 1185 3206; x_wconf 85' lang='lat' dir='ltr'><strong>remitteret.</strong></span> <span class='ocrx_word' id='word_1_266' title='bbox 1216 3141 1248 3224; x_wconf 93' lang='lat'><strong>8,</strong></span> <span class='ocrx_word' id='word_1_267' title='bbox 1263 3141 1305 3206; x_wconf 86' lang='lat'><strong>35</strong></span> <span class='ocrx_word' id='word_1_268' title='bbox 1323 3149 1359 3203; x_wconf 91' lang='lat' dir='ltr'><strong>ut</strong></span> <span class='ocrx_word' id='word_1_269' title='bbox 1373 3139 1428 3202; x_wconf 91' lang='lat' dir='ltr'>sibi</span> 
     </span>
     <span class='ocr_line' id='line_1_29' title="bbox 299 3237 1428 3329; baseline -0.007 -21"><span class='ocrx_word' id='word_1_270' title='bbox 299 3262 437 3328; x_wconf 90' lang='lat' dir='ltr'><strong>poenam</strong></span> <span class='ocrx_word' id='word_1_271' title='bbox 459 3242 609 3326; x_wconf 85' lang='lat' dir='ltr'><strong>magistri</strong></span> <span class='ocrx_word' id='word_1_272' title='bbox 625 3245 768 3329; x_wconf 90' lang='lat' dir='ltr'><strong>equitum</strong></span> <span class='ocrx_word' id='word_1_273' title='bbox 791 3243 929 3310; x_wconf 85' lang='lat' dir='ltr'><strong>dictator</strong></span> <span class='ocrx_word' id='word_1_274' title='bbox 949 3241 1139 3306; x_wconf 87' lang='lat' dir='ltr'><strong>remitteret.</strong></span> <span class='ocrx_word' id='word_1_275' title='bbox 1162 3279 1205 3291; x_wconf 96' lang='lat'>-</span> <span class='ocrx_word' id='word_1_276' title='bbox 1221 3242 1273 3323; x_wconf 90' lang='grc'><strong>21,</strong></span> <span class='ocrx_word' id='word_1_277' title='bbox 1288 3241 1329 3308; x_wconf 88' lang='lat'><strong>54</strong></span> <span class='ocrx_word' id='word_1_278' title='bbox 1349 3237 1428 3303; x_wconf 88' lang='lat' dir='ltr'>mille</span> 
     </span>
     <span class='ocr_line' id='line_1_30' title="bbox 300 3329 1428 3429; baseline -0.004 -22"><span class='ocrx_word' id='word_1_279' title='bbox 300 3342 465 3429; x_wconf 89' lang='lat' dir='ltr'>equitibus</span> <span class='ocrx_word' id='word_1_280' title='bbox 479 3341 613 3427; x_wconf 87' lang='lat' dir='ltr'><strong>Magoni</strong></span> <span class='ocrx_word' id='word_1_281' title='bbox 635 3343 777 3408; x_wconf 88' lang='lat' dir='ltr'>dimissis</span> <span class='ocrx_word' id='word_1_282' title='bbox 800 3329 911 3428; x_wconf 81' lang='lat' dir='ltr'><strong>(„dem</strong></span> <span class='ocrx_word' id='word_1_283' title='bbox 925 3343 1024 3428; x_wconf 88' lang='lat' dir='ltr'><strong>Mago</strong></span> <span class='ocrx_word' id='word_1_284' title='bbox 1046 3365 1088 3407; x_wconf 85' lang='lat' dir='ltr'><strong>au</strong></span> <span class='ocrx_word' id='word_1_285' title='bbox 1110 3341 1310 3428; x_wconf 83' lang='lat' dir='ltr'>Gefallen.“)</span> <span class='ocrx_word' id='word_1_286' title='bbox 1342 3342 1373 3424; x_wconf 88' lang='lat'><strong>9,</strong></span> <span class='ocrx_word' id='word_1_287' title='bbox 1392 3339 1428 3403; x_wconf 88' lang='grc'><strong>46</strong></span> 
     </span>
     <span class='ocr_line' id='line_1_31' title="bbox 300 3441 1429 3532; baseline -0.003 -25"><span class='ocrx_word' id='word_1_288' title='bbox 300 3465 372 3508; x_wconf 91' lang='lat' dir='ltr'><strong>cum</strong></span> <span class='ocrx_word' id='word_1_289' title='bbox 395 3481 435 3492; x_wconf 94' lang='lat'><strong>—</strong></span> <span class='ocrx_word' id='word_1_290' title='bbox 456 3453 674 3509; x_wconf 87' lang='lat' dir='ltr'><strong>assurrectum</strong></span> <span class='ocrx_word' id='word_1_291' title='bbox 698 3445 726 3508; x_wconf 89' lang='lat' dir='ltr'><strong>ei</strong></span> <span class='ocrx_word' id='word_1_292' title='bbox 756 3467 819 3511; x_wconf 93' lang='lat' dir='ltr'><strong>non</strong></span> <span class='ocrx_word' id='word_1_293' title='bbox 840 3453 934 3510; x_wconf 89' lang='lat' dir='ltr'>esset.</span> <span class='ocrx_word' id='word_1_294' title='bbox 971 3445 1003 3526; x_wconf 88' lang='grc'><strong>9,</strong></span> <span class='ocrx_word' id='word_1_295' title='bbox 1028 3447 1065 3508; x_wconf 93' lang='grc'><strong>11</strong></span> <span class='ocrx_word' id='word_1_296' title='bbox 1089 3465 1203 3532; x_wconf 87' lang='lat' dir='ltr'><strong>pacem</strong></span> <span class='ocrx_word' id='word_1_297' title='bbox 1226 3443 1289 3509; x_wconf 87' lang='lat' dir='ltr'>sibi</span> <span class='ocrx_word' id='word_1_298' title='bbox 1310 3441 1429 3508; x_wconf 84' lang='lat' dir='ltr'><strong>babeat.</strong></span> 
     </span>
     <span class='ocr_line' id='line_1_32' title="bbox 298 3541 1427 3632; baseline -0.005 -22"><span class='ocrx_word' id='word_1_299' title='bbox 298 3545 546 3628; x_wconf 70' lang='grc'><strong>2650111111</strong></span> <span class='ocrx_word' id='word_1_300' title='bbox 568 3543 683 3610; x_wconf 91' lang='lat' dir='ltr'><strong>tollere</strong></span> <span class='ocrx_word' id='word_1_301' title='bbox 705 3555 737 3610; x_wconf 90' lang='lat' dir='ltr'><strong>et</strong></span> <span class='ocrx_word' id='word_1_302' title='bbox 759 3547 821 3611; x_wconf 93' lang='lat' dir='ltr'>sibi</span> <span class='ocrx_word' id='word_1_303' title='bbox 840 3545 960 3611; x_wconf 87' lang='lat' dir='ltr'><strong>habere</strong></span> <span class='ocrx_word' id='word_1_304' title='bbox 982 3545 1087 3610; x_wconf 91' lang='lat' dir='ltr'>iussit.</span> <span class='ocrx_word' id='word_1_305' title='bbox 1126 3546 1156 3625; x_wconf 91' lang='lat'><strong>3,</strong></span> <span class='ocrx_word' id='word_1_306' title='bbox 1178 3545 1220 3609; x_wconf 90' lang='grc'><strong>67</strong></span> <span class='ocrx_word' id='word_1_307' title='bbox 1243 3545 1322 3632; x_wconf 92' lang='lat' dir='ltr'><strong>quid</strong></span> <span class='ocrx_word' id='word_1_308' title='bbox 1340 3541 1427 3606; x_wconf 83' lang='lat' dir='ltr'>robis</span> 
     </span>
     <span class='ocr_line' id='line_1_33' title="bbox 300 3641 1428 3734; baseline -0.003 -24"><span class='ocrx_word' id='word_1_309' title='bbox 300 3644 421 3711; x_wconf 81' lang='lat' dir='ltr'>vultis?</span> <span class='ocrx_word' id='word_1_310' title='bbox 454 3648 506 3731; x_wconf 93' lang='grc'><strong>21,</strong></span> <span class='ocrx_word' id='word_1_311' title='bbox 522 3647 565 3711; x_wconf 88' lang='grc'><strong>40</strong></span> <span class='ocrx_word' id='word_1_312' title='bbox 586 3647 749 3711; x_wconf 86' lang='lat' dir='ltr'><strong>exercitus</strong></span> <span class='ocrx_word' id='word_1_313' title='bbox 765 3645 943 3734; x_wconf 87' lang='lat' dir='ltr'><strong>Hispaniae</strong></span> <span class='ocrx_word' id='word_1_314' title='bbox 965 3647 1153 3732; x_wconf 86' lang='lat' dir='ltr'><strong>provinciae</strong></span> <span class='ocrx_word' id='word_1_315' title='bbox 1172 3647 1322 3733; x_wconf 88' lang='lat' dir='ltr'>scriptus.</span> <span class='ocrx_word' id='word_1_316' title='bbox 1348 3645 1377 3726; x_wconf 88' lang='grc'><strong>7,</strong></span> <span class='ocrx_word' id='word_1_317' title='bbox 1391 3641 1428 3708; x_wconf 92' lang='grc'><strong>30</strong></span> 
     </span>
     <span class='ocr_line' id='line_1_34' title="bbox 300 3744 1426 3835; baseline -0.001 -26"><span class='ocrx_word' id='word_1_318' title='bbox 300 3747 394 3810; x_wconf 88' lang='lat' dir='ltr'>vobis</span> <span class='ocrx_word' id='word_1_319' title='bbox 417 3747 564 3814; x_wconf 87' lang='lat' dir='ltr'><strong>arabitur</strong></span> <span class='ocrx_word' id='word_1_320' title='bbox 584 3770 664 3834; x_wconf 86' lang='lat' dir='ltr'><strong>ager</strong></span> <span class='ocrx_word' id='word_1_321' title='bbox 686 3749 880 3835; x_wconf 82' lang='lat' dir='ltr'><strong>Campanus.</strong></span> <span class='ocrx_word' id='word_1_322' title='bbox 915 3747 964 3829; x_wconf 92' lang='lat'><strong>10,</strong></span> <span class='ocrx_word' id='word_1_323' title='bbox 979 3748 1021 3813; x_wconf 89' lang='grc'><strong>29</strong></span> <span class='ocrx_word' id='word_1_324' title='bbox 1044 3745 1151 3835; x_wconf 89' lang='lat' dir='ltr'>spolia</span> <span class='ocrx_word' id='word_1_325' title='bbox 1163 3783 1208 3797; x_wconf 89' lang='lat'><strong>·-—</strong></span> <span class='ocrx_word' id='word_1_326' title='bbox 1223 3747 1300 3812; x_wconf 81' lang='lat' dir='ltr'>lovi</span> <span class='ocrx_word' id='word_1_327' title='bbox 1314 3744 1426 3810; x_wconf 85' lang='lat' dir='ltr'><strong>Victori</strong></span> 
     </span>
     <span class='ocr_line' id='line_1_35' title="bbox 301 3849 704 3917; baseline 0.017 -7"><span class='ocrx_word' id='word_1_328' title='bbox 301 3851 466 3914; x_wconf 87' lang='lat' dir='ltr'><strong>cremavit.</strong></span> <span class='ocrx_word' id='word_1_329' title='bbox 510 3849 585 3916; x_wconf 90' lang='lat' dir='ltr'><strong>Und</strong></span> <span class='ocrx_word' id='word_1_330' title='bbox 609 3849 704 3917; x_wconf 80' lang='lat' dir='ltr'><strong>diter.</strong></span> 
     </span>
    </p>

    <p class='ocr_par' dir='ltr' id='par_1_6' title="bbox 299 3949 1426 4238">
     <span class='ocr_line' id='line_1_36' title="bbox 386 3949 1425 4037; baseline -0.003 -24"><span class='ocrx_word' id='word_1_331' title='bbox 386 3949 459 4018; x_wconf 86' lang='lat' dir='ltr'>Val.</span> <span class='ocrx_word' id='word_1_332' title='bbox 481 3949 571 4016; x_wconf 86' lang='lat' dir='ltr'>Max.</span> <span class='ocrx_word' id='word_1_333' title='bbox 593 3953 629 4032; x_wconf 91' lang='lat'><strong>3,</strong></span> <span class='ocrx_word' id='word_1_334' title='bbox 654 3952 690 4032; x_wconf 89' lang='grc'><strong>7,</strong></span> <span class='ocrx_word' id='word_1_335' title='bbox 713 3949 733 4014; x_wconf 90' lang='grc'>8</span> <span class='ocrx_word' id='word_1_336' title='bbox 757 3951 789 4015; x_wconf 90' lang='lat' dir='ltr'>is</span> <span class='ocrx_word' id='word_1_337' title='bbox 812 3949 897 4020; x_wconf 85' lang='lat' dir='ltr'>Julio</span> <span class='ocrx_word' id='word_1_338' title='bbox 920 3951 1055 4017; x_wconf 82' lang='lat' dir='ltr'><strong>Caesari</strong></span> <span class='ocrx_word' id='word_1_339' title='bbox 1078 3988 1117 4000; x_wconf 89' lang='lat'><strong>-</strong></span> <span class='ocrx_word' id='word_1_340' title='bbox 1140 3972 1304 4037; x_wconf 81' lang='lat' dir='ltr'><strong>nunquam</strong></span> <span class='ocrx_word' id='word_1_341' title='bbox 1326 3969 1425 4013; x_wconf 85' lang='lat' dir='ltr'><strong>assur·</strong></span> 
     </span>
     <span class='ocr_line' id='line_1_37' title="bbox 300 4047 1426 4140; baseline -0.002 -26"><span class='ocrx_word' id='word_1_342' title='bbox 300 4053 396 4116; x_wconf 85' lang='lat' dir='ltr'><strong>rexit.</strong></span> <span class='ocrx_word' id='word_1_343' title='bbox 429 4052 467 4133; x_wconf 87' lang='lat'><strong>5,</strong></span> <span class='ocrx_word' id='word_1_344' title='bbox 490 4051 528 4134; x_wconf 93' lang='grc'><strong>2,</strong></span> <span class='ocrx_word' id='word_1_345' title='bbox 552 4051 572 4115; x_wconf 92' lang='grc'><strong>9</strong></span> <span class='ocrx_word' id='word_1_346' title='bbox 593 4053 747 4138; x_wconf 90' lang='lat' dir='ltr'>Pompeio</span> <span class='ocrx_word' id='word_1_347' title='bbox 769 4063 867 4140; x_wconf 85' lang='lat' dir='ltr'><strong>caput</strong></span> <span class='ocrx_word' id='word_1_348' title='bbox 888 4053 1070 4140; x_wconf 87' lang='lat' dir='ltr'><strong>adaperuit.</strong></span> <span class='ocrx_word' id='word_1_349' title='bbox 1104 4053 1134 4134; x_wconf 94' lang='lat'><strong>8,</strong></span> <span class='ocrx_word' id='word_1_350' title='bbox 1157 4051 1187 4131; x_wconf 89' lang='grc'><strong>2,</strong></span> <span class='ocrx_word' id='word_1_351' title='bbox 1213 4047 1426 4117; x_wconf 73' lang='grc'><strong>1111111011-</strong></span> 
     </span>
     <span class='ocr_line' id='line_1_38' title="bbox 299 4151 617 4238; baseline 0 -20"><span class='ocrx_word' id='word_1_352' title='bbox 299 4152 415 4238; x_wconf 88' lang='lat' dir='ltr'><strong>purnio</strong></span> <span class='ocrx_word' id='word_1_353' title='bbox 438 4151 617 4218; x_wconf 79' lang='lat' dir='ltr'><strong>damnavit.</strong></span> 
     </span>
    </p>

    <p class='ocr_par' dir='ltr' id='par_1_7' title="bbox 302 4251 1424 4544">
     <span class='ocr_line' id='line_1_39' title="bbox 386 4251 1424 4342; baseline -0.001 -26"><span class='ocrx_word' id='word_1_354' title='bbox 386 4252 464 4318; x_wconf 87' lang='lat' dir='ltr'>Tac.</span> <span class='ocrx_word' id='word_1_355' title='bbox 486 4251 562 4318; x_wconf 89' lang='lat' dir='ltr'>bist.</span> <span class='ocrx_word' id='word_1_356' title='bbox 585 4254 621 4338; x_wconf 88' lang='lat'><strong>4,</strong></span> <span class='ocrx_word' id='word_1_357' title='bbox 647 4255 684 4318; x_wconf 91' lang='grc'><strong>17</strong></span> <span class='ocrx_word' id='word_1_358' title='bbox 709 4254 824 4342; x_wconf 86' lang='lat' dir='ltr'>quibus</span> <span class='ocrx_word' id='word_1_359' title='bbox 850 4293 885 4302; x_wconf 95' lang='lat'>-</span> <span class='ocrx_word' id='word_1_360' title='bbox 915 4255 1059 4340; x_wconf 86' lang='lat' dir='ltr'><strong>legiones</strong></span> <span class='ocrx_word' id='word_1_361' title='bbox 1086 4255 1322 4342; x_wconf 87' lang='lat' dir='ltr'><strong>procubueriut.</strong></span> <span class='ocrx_word' id='word_1_362' title='bbox 1358 4271 1424 4316; x_wconf 82' lang='lat' dir='ltr'><strong>anu.</strong></span> 
     </span>
     <span class='ocr_line' id='line_1_40' title="bbox 305 4353 1423 4442; baseline 0.001 -26"><span class='ocrx_word' id='word_1_363' title='bbox 305 4355 333 4433; x_wconf 93' lang='lat' dir='ltr'><strong>l,</strong></span> <span class='ocrx_word' id='word_1_364' title='bbox 355 4353 398 4417; x_wconf 84' lang='lat'><strong>59</strong></span> <span class='ocrx_word' id='word_1_365' title='bbox 419 4354 483 4418; x_wconf 87' lang='lat' dir='ltr'>sibi</span> <span class='ocrx_word' id='word_1_366' title='bbox 511 4363 576 4419; x_wconf 91' lang='lat' dir='ltr'><strong>tres</strong></span> <span class='ocrx_word' id='word_1_367' title='bbox 604 4354 749 4440; x_wconf 90' lang='lat' dir='ltr'><strong>legiones</strong></span> <span class='ocrx_word' id='word_1_368' title='bbox 777 4357 998 4442; x_wconf 89' lang='lat' dir='ltr'>procubuisse.</span> <span class='ocrx_word' id='word_1_369' title='bbox 1031 4359 1065 4440; x_wconf 96' lang='grc'><strong>1,</strong></span> <span class='ocrx_word' id='word_1_370' title='bbox 1090 4357 1131 4421; x_wconf 89' lang='grc'><strong>14</strong></span> <span class='ocrx_word' id='word_1_371' title='bbox 1152 4355 1341 4422; x_wconf 84' lang='lat' dir='ltr'><strong>Germanico</strong></span> <span class='ocrx_word' id='word_1_372' title='bbox 1362 4371 1423 4438; x_wconf 90' lang='lat' dir='ltr'><strong>pro·</strong></span> 
     </span>
     <span class='ocr_line' id='line_1_41' title="bbox 302 4449 1424 4544; baseline -0.004 -26"><span class='ocrx_word' id='word_1_373' title='bbox 302 4451 472 4518; x_wconf 87' lang='lat' dir='ltr'><strong>consulare</strong></span> <span class='ocrx_word' id='word_1_374' title='bbox 500 4457 670 4542; x_wconf 89' lang='lat' dir='ltr'><strong>imperium</strong></span> <span class='ocrx_word' id='word_1_375' title='bbox 698 4458 826 4544; x_wconf 88' lang='lat' dir='ltr'>petivit.</span> <span class='ocrx_word' id='word_1_376' title='bbox 866 4460 903 4523; x_wconf 89' lang='grc'><strong>71</strong></span> <span class='ocrx_word' id='word_1_377' title='bbox 935 4467 1070 4522; x_wconf 88' lang='lat' dir='ltr'><strong>cunctos</strong></span> <span class='ocrx_word' id='word_1_378' title='bbox 1102 4457 1232 4544; x_wconf 88' lang='lat' dir='ltr'>sibique</span> <span class='ocrx_word' id='word_1_379' title='bbox 1260 4467 1290 4520; x_wconf 87' lang='lat' dir='ltr'><strong>et</strong></span> <span class='ocrx_word' id='word_1_380' title='bbox 1312 4449 1424 4539; x_wconf 85' lang='lat' dir='ltr'><strong>proelio</strong></span> 
     </span>
    </p>
   </div>
   <div class='ocr_carea' id='block_1_3' title="bbox 0 0 1538 5138">
    <p class='ocr_par' dir='ltr' id='par_1_8' title="bbox 0 0 1538 5138">
     <span class='ocr_line' id='line_1_42' title="bbox 0 0 1538 5138; baseline 0 0"><span class='ocrx_word' id='word_1_381' title='bbox 0 0 1538 5138; x_wconf 95' lang='lat' dir='ltr'><strong> </strong></span> 
     </span>
    </p>
   </div>
  </div>
 </body>
</html>
