<?xml version="1.0" encoding="UTF-8"?>
<!DOCTYPE html PUBLIC "-//W3C//DTD XHTML 1.0 Transitional//EN"
    "http://www.w3.org/TR/xhtml1/DTD/xhtml1-transitional.dtd">
<html xmlns="http://www.w3.org/1999/xhtml" xml:lang="en" lang="en">
 <head>
  <title>
</title>
<meta http-equiv="Content-Type" content="text/html;charset=utf-8" />
  <meta name='ocr-system' content='tesseract 3.04.00' />
  <meta name='ocr-capabilities' content='ocr_page ocr_carea ocr_par ocr_line ocrx_word'/>
</head>
<body>
  <div class='ocr_page' id='page_1' title='image "./historischesynt04draegoog/historischesynt04draegoog_0282.png"; bbox 0 0 3050 5146; ppageno 0'>
   <div class='ocr_carea' id='block_1_1' title="bbox 747 389 976 456">
    <p class='ocr_par' dir='ltr' id='par_1_1' title="bbox 747 389 976 456">
     <span class='ocr_line' id='line_1_1' title="bbox 747 389 976 456; baseline 0 -16"><span class='ocrx_word' id='word_1_1' title='bbox 747 389 976 456; x_wconf 75' lang='lat'>-242-</span> 
     </span>
    </p>
   </div>
   <div class='ocr_carea' id='block_1_2' title="bbox 234 541 1511 4587">
    <p class='ocr_par' dir='ltr' id='par_1_2' title="bbox 288 541 1422 1036">
     <span class='ocr_line' id='line_1_2' title="bbox 288 541 1418 632; baseline 0.001 -23"><span class='ocrx_word' id='word_1_2' title='bbox 288 555 410 610; x_wconf 87' lang='lat' dir='ltr'><strong>nostra.</strong></span> <span class='ocrx_word' id='word_1_3' title='bbox 454 541 538 609; x_wconf 86' lang='lat' dir='ltr'><strong>Phil.</strong></span> <span class='ocrx_word' id='word_1_4' title='bbox 564 546 614 622; x_wconf 93' lang='grc'><strong>11,</strong></span> <span class='ocrx_word' id='word_1_5' title='bbox 636 543 666 624; x_wconf 90' lang='lat'><strong>3,</strong></span> <span class='ocrx_word' id='word_1_6' title='bbox 689 544 769 608; x_wconf 85' lang='grc'><strong>811</strong></span> <span class='ocrx_word' id='word_1_7' title='bbox 793 541 966 608; x_wconf 78' lang='lat' dir='ltr'><strong>Dolabella</strong></span> <span class='ocrx_word' id='word_1_8' title='bbox 988 543 1122 632; x_wconf 86' lang='lat' dir='ltr'><strong>quidem</strong></span> <span class='ocrx_word' id='word_1_9' title='bbox 1144 553 1209 608; x_wconf 89' lang='lat' dir='ltr'><strong>tarn</strong></span> <span class='ocrx_word' id='word_1_10' title='bbox 1233 543 1297 610; x_wconf 89' lang='grc'><strong>1111</strong></span> <span class='ocrx_word' id='word_1_11' title='bbox 1320 545 1418 610; x_wconf 89' lang='lat' dir='ltr'><strong>imme·</strong></span> 
     </span>
     <span class='ocr_line' id='line_1_3' title="bbox 288 643 1421 712; baseline 0 -2"><span class='ocrx_word' id='word_1_12' title='bbox 288 667 359 712; x_wconf 89' lang='lat' dir='ltr'><strong>mor</strong></span> <span class='ocrx_word' id='word_1_13' title='bbox 380 646 593 710; x_wconf 84' lang='lat' dir='ltr'><strong>humanitatis</strong></span> <span class='ocrx_word' id='word_1_14' title='bbox 616 683 654 692; x_wconf 93' lang='lat'>-</span> <span class='ocrx_word' id='word_1_15' title='bbox 677 655 714 710; x_wconf 94' lang='lat' dir='ltr'><strong>ut</strong></span> <span class='ocrx_word' id='word_1_16' title='bbox 736 666 828 708; x_wconf 92' lang='lat' dir='ltr'><strong>suam</strong></span> <span class='ocrx_word' id='word_1_17' title='bbox 853 643 1069 709; x_wconf 77' lang='lat' dir='ltr'><strong>insatiabilem</strong></span> <span class='ocrx_word' id='word_1_18' title='bbox 1092 645 1317 712; x_wconf 82' lang='lat' dir='ltr'><strong>crudelitatem</strong></span> <span class='ocrx_word' id='word_1_19' title='bbox 1339 667 1421 710; x_wconf 85' lang='lat' dir='ltr'><strong>exer-</strong></span> 
     </span>
     <span class='ocr_line' id='line_1_4' title="bbox 288 746 1422 824; baseline -0.001 -12"><span class='ocrx_word' id='word_1_20' title='bbox 288 748 392 812; x_wconf 83' lang='lat' dir='ltr'><strong>cuerit</strong></span> <span class='ocrx_word' id='word_1_21' title='bbox 420 770 486 812; x_wconf 90' lang='lat' dir='ltr'><strong>non</strong></span> <span class='ocrx_word' id='word_1_22' title='bbox 514 746 619 812; x_wconf 88' lang='lat' dir='ltr'><strong>solum</strong></span> <span class='ocrx_word' id='word_1_23' title='bbox 648 747 683 810; x_wconf 93' lang='lat' dir='ltr'><strong>in</strong></span> <span class='ocrx_word' id='word_1_24' title='bbox 713 747 804 824; x_wconf 82' lang='lat' dir='ltr'><strong>vivo,</strong></span> <span class='ocrx_word' id='word_1_25' title='bbox 839 747 898 810; x_wconf 89' lang='lat' dir='ltr'><strong>sed</strong></span> <span class='ocrx_word' id='word_1_26' title='bbox 926 747 1025 812; x_wconf 89' lang='lat' dir='ltr'><strong>etiam</strong></span> <span class='ocrx_word' id='word_1_27' title='bbox 1053 748 1087 810; x_wconf 90' lang='lat' dir='ltr'><strong>in</strong></span> <span class='ocrx_word' id='word_1_28' title='bbox 1115 757 1251 814; x_wconf 89' lang='lat' dir='ltr'><strong>mortuo.</strong></span> <span class='ocrx_word' id='word_1_29' title='bbox 1302 748 1422 812; x_wconf 87' lang='lat' dir='ltr'><strong>Andere</strong></span> 
     </span>
     <span class='ocr_line' id='line_1_5' title="bbox 290 847 1422 935; baseline -0.002 -21"><span class='ocrx_word' id='word_1_30' title='bbox 290 848 425 926; x_wconf 86' lang='lat' dir='ltr'><strong>Stellen,</strong></span> <span class='ocrx_word' id='word_1_31' title='bbox 460 871 510 915; x_wconf 90' lang='lat' dir='ltr'><strong>wo</strong></span> <span class='ocrx_word' id='word_1_32' title='bbox 539 848 596 913; x_wconf 88' lang='lat' dir='ltr'><strong>der</strong></span> <span class='ocrx_word' id='word_1_33' title='bbox 619 847 817 935; x_wconf 89' lang='lat' dir='ltr'><strong>Conjunctiv</strong></span> <span class='ocrx_word' id='word_1_34' title='bbox 851 847 908 912; x_wconf 89' lang='lat' dir='ltr'><strong>des</strong></span> <span class='ocrx_word' id='word_1_35' title='bbox 930 847 1077 930; x_wconf 73' lang='lat' dir='ltr'><strong>Perfecta</strong></span> <span class='ocrx_word' id='word_1_36' title='bbox 1113 849 1171 913; x_wconf 89' lang='lat' dir='ltr'><strong>mit</strong></span> <span class='ocrx_word' id='word_1_37' title='bbox 1194 848 1266 912; x_wconf 88' lang='lat' dir='ltr'><strong>dem</strong></span> <span class='ocrx_word' id='word_1_38' title='bbox 1290 848 1347 913; x_wconf 88' lang='lat' dir='ltr'><strong>des</strong></span> <span class='ocrx_word' id='word_1_39' title='bbox 1367 848 1422 912; x_wconf 90' lang='lat' dir='ltr'><strong>Im·</strong></span> 
     </span>
     <span class='ocr_line' id='line_1_6' title="bbox 289 948 1166 1036; baseline -0.002 -20"><span class='ocrx_word' id='word_1_40' title='bbox 289 950 373 1036; x_wconf 84' lang='lat' dir='ltr'><strong>perf.</strong></span> <span class='ocrx_word' id='word_1_41' title='bbox 397 949 576 1016; x_wconf 89' lang='lat' dir='ltr'><strong>coordinirt</strong></span> <span class='ocrx_word' id='word_1_42' title='bbox 598 950 651 1027; x_wconf 89' lang='lat' dir='ltr'><strong>ist,</strong></span> <span class='ocrx_word' id='word_1_43' title='bbox 676 948 808 1014; x_wconf 82' lang='lat' dir='ltr'><strong>werden</strong></span> <span class='ocrx_word' id='word_1_44' title='bbox 829 959 930 1014; x_wconf 92' lang='lat' dir='ltr'><strong>unten</strong></span> <span class='ocrx_word' id='word_1_45' title='bbox 954 949 1166 1036; x_wconf 88' lang='lat' dir='ltr'><strong>besprocbcn.</strong></span> 
     </span>
    </p>

    <p class='ocr_par' dir='ltr' id='par_1_3' title="bbox 289 1048 1427 2254">
     <span class='ocr_line' id='line_1_7' title="bbox 375 1048 1422 1137; baseline -0.004 -21"><span class='ocrx_word' id='word_1_46' title='bbox 375 1051 523 1116; x_wconf 85' lang='lat' dir='ltr'><strong>Caesar</strong></span> <span class='ocrx_word' id='word_1_47' title='bbox 544 1051 600 1114; x_wconf 92' lang='lat' dir='ltr'><strong>hat</strong></span> <span class='ocrx_word' id='word_1_48' title='bbox 628 1051 673 1114; x_wconf 92' lang='lat' dir='ltr'><strong>im</strong></span> <span class='ocrx_word' id='word_1_49' title='bbox 695 1049 778 1114; x_wconf 91' lang='lat' dir='ltr'><strong>Bell.</strong></span> <span class='ocrx_word' id='word_1_50' title='bbox 802 1051 876 1114; x_wconf 79' lang='lat' dir='ltr'><strong>civ.</strong></span> <span class='ocrx_word' id='word_1_51' title='bbox 906 1050 983 1115; x_wconf 82' lang='lat' dir='ltr'><strong>kain</strong></span> <span class='ocrx_word' id='word_1_52' title='bbox 1011 1050 1157 1137; x_wconf 89' lang='lat' dir='ltr'><strong>Beispiel</strong></span> <span class='ocrx_word' id='word_1_53' title='bbox 1185 1051 1252 1117; x_wconf 90' lang='lat' dir='ltr'><strong>und</strong></span> <span class='ocrx_word' id='word_1_54' title='bbox 1279 1053 1324 1115; x_wconf 91' lang='lat' dir='ltr'><strong>im</strong></span> <span class='ocrx_word' id='word_1_55' title='bbox 1352 1048 1422 1113; x_wconf 87' lang='lat' dir='ltr'><strong>Bell.</strong></span> 
     </span>
     <span class='ocr_line' id='line_1_8' title="bbox 291 1149 1424 1238; baseline -0.003 -20"><span class='ocrx_word' id='word_1_56' title='bbox 291 1152 378 1218; x_wconf 82' lang='lat' dir='ltr'><strong>Gall.</strong></span> <span class='ocrx_word' id='word_1_57' title='bbox 401 1176 464 1217; x_wconf 90' lang='lat' dir='ltr'><strong>nur</strong></span> <span class='ocrx_word' id='word_1_58' title='bbox 485 1150 638 1236; x_wconf 79' lang='lat' dir='ltr'><strong>folgende</strong></span> <span class='ocrx_word' id='word_1_59' title='bbox 659 1152 680 1216; x_wconf 88' lang='lat'>5</span> <span class='ocrx_word' id='word_1_60' title='bbox 701 1149 840 1217; x_wconf 88' lang='lat' dir='ltr'><strong>Stellen:</strong></span> <span class='ocrx_word' id='word_1_61' title='bbox 872 1153 904 1232; x_wconf 79' lang='lat'><strong>2,</strong></span> <span class='ocrx_word' id='word_1_62' title='bbox 927 1151 966 1216; x_wconf 76' lang='lat'><strong>21</strong></span> <span class='ocrx_word' id='word_1_63' title='bbox 991 1153 1146 1238; x_wconf 89' lang='lat' dir='ltr'><strong>temporis</strong></span> <span class='ocrx_word' id='word_1_64' title='bbox 1168 1161 1260 1217; x_wconf 87' lang='lat' dir='ltr'><strong>tanta</strong></span> <span class='ocrx_word' id='word_1_65' title='bbox 1282 1151 1345 1216; x_wconf 90' lang='grc'><strong>1111</strong></span> <span class='ocrx_word' id='word_1_66' title='bbox 1366 1153 1424 1215; x_wconf 83' lang='lat' dir='ltr'><strong>exi·</strong></span> 
     </span>
     <span class='ocr_line' id='line_1_9' title="bbox 289 1241 1423 1340; baseline -0.002 -22"><span class='ocrx_word' id='word_1_67' title='bbox 289 1255 398 1340; x_wconf 84' lang='lat' dir='ltr'><strong>guitas</strong></span> <span class='ocrx_word' id='word_1_68' title='bbox 420 1293 461 1306; x_wconf 83' lang='lat'><strong>-·</strong></span> <span class='ocrx_word' id='word_1_69' title='bbox 484 1263 520 1318; x_wconf 92' lang='lat' dir='ltr'><strong>ut</strong></span> <span class='ocrx_word' id='word_1_70' title='bbox 542 1253 584 1318; x_wconf 91' lang='lat' dir='ltr'><strong>ad</strong></span> <span class='ocrx_word' id='word_1_71' title='bbox 606 1253 717 1338; x_wconf 86' lang='lat' dir='ltr'><strong>galeas</strong></span> <span class='ocrx_word' id='word_1_72' title='bbox 740 1252 921 1318; x_wconf 88' lang='lat' dir='ltr'><strong>induendas</strong></span> <span class='ocrx_word' id='word_1_73' title='bbox 945 1264 1070 1340; x_wconf 86' lang='lat' dir='ltr'><strong>tempus</strong></span> <span class='ocrx_word' id='word_1_74' title='bbox 1086 1241 1239 1318; x_wconf 86' lang='lat' dir='ltr'><strong>defuerit.</strong></span> <span class='ocrx_word' id='word_1_75' title='bbox 1260 1255 1291 1336; x_wconf 87' lang='lat'><strong>3,</strong></span> <span class='ocrx_word' id='word_1_76' title='bbox 1316 1255 1423 1318; x_wconf 80' lang='grc'><strong>15111-</strong></span> 
     </span>
     <span class='ocr_line' id='line_1_10' title="bbox 290 1355 1423 1442; baseline -0.004 -22"><span class='ocrx_word' id='word_1_77' title='bbox 290 1356 384 1441; x_wconf 85' lang='lat' dir='ltr'><strong>gulas</strong></span> <span class='ocrx_word' id='word_1_78' title='bbox 406 1357 508 1420; x_wconf 81' lang='lat' dir='ltr'><strong>nostri</strong></span> <span class='ocrx_word' id='word_1_79' title='bbox 530 1393 573 1402; x_wconf 95' lang='lat'><em>-</em></span> <span class='ocrx_word' id='word_1_80' title='bbox 595 1363 880 1442; x_wconf 82' lang='lat' dir='ltr'><strong>expugnaverunt,</strong></span> <span class='ocrx_word' id='word_1_81' title='bbox 910 1365 947 1418; x_wconf 93' lang='lat' dir='ltr'><strong>ut</strong></span> <span class='ocrx_word' id='word_1_82' title='bbox 978 1377 1162 1442; x_wconf 85' lang='lat' dir='ltr'><strong>perpaucae</strong></span> <span class='ocrx_word' id='word_1_83' title='bbox 1191 1378 1233 1420; x_wconf 89' lang='lat' dir='ltr'><strong>ex</strong></span> <span class='ocrx_word' id='word_1_84' title='bbox 1260 1355 1349 1418; x_wconf 90' lang='lat' dir='ltr'><strong>omni</strong></span> <span class='ocrx_word' id='word_1_85' title='bbox 1374 1376 1423 1416; x_wconf 93' lang='grc'><strong>11-</strong></span> 
     </span>
     <span class='ocr_line' id='line_1_11' title="bbox 290 1456 1424 1542; baseline -0.003 -22"><span class='ocrx_word' id='word_1_86' title='bbox 290 1479 378 1524; x_wconf 88' lang='lat' dir='ltr'><strong>mero</strong></span> <span class='ocrx_word' id='word_1_87' title='bbox 400 1493 442 1505; x_wconf 78' lang='lat'><strong>-</strong></span> <span class='ocrx_word' id='word_1_88' title='bbox 464 1457 506 1522; x_wconf 87' lang='lat' dir='ltr'><strong>ad</strong></span> <span class='ocrx_word' id='word_1_89' title='bbox 528 1467 648 1522; x_wconf 90' lang='lat' dir='ltr'><strong>terram</strong></span> <span class='ocrx_word' id='word_1_90' title='bbox 670 1457 889 1541; x_wconf 84' lang='lat' dir='ltr'><strong>pervenerint.</strong></span> <span class='ocrx_word' id='word_1_91' title='bbox 911 1457 943 1539; x_wconf 77' lang='grc' dir='ltr'><strong>ὃ,</strong></span> <span class='ocrx_word' id='word_1_92' title='bbox 968 1457 1007 1520; x_wconf 83' lang='grc'><strong>15</strong></span> <span class='ocrx_word' id='word_1_93' title='bbox 1034 1457 1160 1542; x_wconf 85' lang='lat' dir='ltr'><strong>equites</strong></span> <span class='ocrx_word' id='word_1_94' title='bbox 1182 1493 1223 1506; x_wconf 90' lang='lat'><em>-</em></span> <span class='ocrx_word' id='word_1_95' title='bbox 1249 1477 1324 1520; x_wconf 89' lang='lat' dir='ltr'><strong>cum</strong></span> <span class='ocrx_word' id='word_1_96' title='bbox 1346 1456 1424 1541; x_wconf 92' lang='lat' dir='ltr'><strong>equi·</strong></span> 
     </span>
     <span class='ocr_line' id='line_1_12' title="bbox 290 1556 1425 1641; baseline -0.005 -17"><span class='ocrx_word' id='word_1_97' title='bbox 290 1569 362 1624; x_wconf 88' lang='lat' dir='ltr'><strong>tatu</strong></span> <span class='ocrx_word' id='word_1_98' title='bbox 385 1569 494 1624; x_wconf 84' lang='lat' dir='ltr'><strong>nostro</strong></span> <span class='ocrx_word' id='word_1_99' title='bbox 517 1559 551 1622; x_wconf 92' lang='lat' dir='ltr'><strong>in</strong></span> <span class='ocrx_word' id='word_1_100' title='bbox 572 1557 689 1622; x_wconf 91' lang='lat' dir='ltr'><strong>itinere</strong></span> <span class='ocrx_word' id='word_1_101' title='bbox 711 1556 940 1639; x_wconf 83' lang='lat' dir='ltr'><strong>conflixerunt,</strong></span> <span class='ocrx_word' id='word_1_102' title='bbox 964 1566 1073 1622; x_wconf 89' lang='lat' dir='ltr'><strong>tamen</strong></span> <span class='ocrx_word' id='word_1_103' title='bbox 1096 1567 1133 1622; x_wconf 88' lang='lat' dir='ltr'><strong>ut</strong></span> <span class='ocrx_word' id='word_1_104' title='bbox 1152 1559 1254 1623; x_wconf 87' lang='lat' dir='ltr'><strong>nostri</strong></span> <span class='ocrx_word' id='word_1_105' title='bbox 1277 1595 1319 1604; x_wconf 89' lang='lat'><strong>—</strong></span> <span class='ocrx_word' id='word_1_106' title='bbox 1342 1578 1425 1641; x_wconf 90' lang='lat' dir='ltr'><strong>supe-</strong></span> 
     </span>
     <span class='ocr_line' id='line_1_13' title="bbox 290 1656 1426 1745; baseline -0.002 -23"><span class='ocrx_word' id='word_1_107' title='bbox 290 1661 393 1726; x_wconf 90' lang='lat' dir='ltr'><strong>riores</strong></span> <span class='ocrx_word' id='word_1_108' title='bbox 422 1658 545 1724; x_wconf 86' lang='lat' dir='ltr'><strong>fuerint</strong></span> <span class='ocrx_word' id='word_1_109' title='bbox 570 1667 668 1743; x_wconf 88' lang='lat' dir='ltr'><strong>atque</strong></span> <span class='ocrx_word' id='word_1_110' title='bbox 698 1679 753 1723; x_wconf 87' lang='lat' dir='ltr'><strong>eos</strong></span> <span class='ocrx_word' id='word_1_111' title='bbox 783 1657 817 1722; x_wconf 90' lang='lat' dir='ltr'><strong>in</strong></span> <span class='ocrx_word' id='word_1_112' title='bbox 839 1656 938 1722; x_wconf 90' lang='lat' dir='ltr'><strong>silvas</strong></span> <span class='ocrx_word' id='word_1_113' title='bbox 963 1657 1125 1744; x_wconf 89' lang='lat' dir='ltr'><strong>collesque</strong></span> <span class='ocrx_word' id='word_1_114' title='bbox 1155 1658 1381 1745; x_wconf 84' lang='lat' dir='ltr'><strong>compulerint.</strong></span> <span class='ocrx_word' id='word_1_115' title='bbox 1399 1659 1426 1736; x_wconf 82' lang='lat'><strong>5,</strong></span> 
     </span>
     <span class='ocr_line' id='line_1_14' title="bbox 290 1758 1427 1845; baseline -0.004 -19"><span class='ocrx_word' id='word_1_116' title='bbox 290 1762 333 1826; x_wconf 82' lang='lat'><strong>54</strong></span> <span class='ocrx_word' id='word_1_117' title='bbox 354 1769 478 1824; x_wconf 86' lang='lat' dir='ltr'><strong>tantum</strong></span> <span class='ocrx_word' id='word_1_118' title='bbox 497 1797 533 1808; x_wconf 92' lang='lat'>-</span> <span class='ocrx_word' id='word_1_119' title='bbox 549 1759 664 1840; x_wconf 87' lang='lat' dir='ltr'><strong>valuit,</strong></span> <span class='ocrx_word' id='word_1_120' title='bbox 688 1767 724 1822; x_wconf 93' lang='lat' dir='ltr'><strong>nt</strong></span> <span class='ocrx_word' id='word_1_121' title='bbox 746 1758 835 1823; x_wconf 92' lang='lat' dir='ltr'><strong>nulla</strong></span> <span class='ocrx_word' id='word_1_122' title='bbox 857 1759 926 1823; x_wconf 88' lang='grc'><strong>1111</strong></span> <span class='ocrx_word' id='word_1_123' title='bbox 948 1761 1066 1824; x_wconf 84' lang='lat' dir='ltr'><strong>civitas</strong></span> <span class='ocrx_word' id='word_1_124' title='bbox 1088 1760 1188 1824; x_wconf 86' lang='lat' dir='ltr'><strong>fuerit</strong></span> <span class='ocrx_word' id='word_1_125' title='bbox 1204 1782 1269 1824; x_wconf 92' lang='lat' dir='ltr'><strong>non</strong></span> <span class='ocrx_word' id='word_1_126' title='bbox 1285 1769 1427 1845; x_wconf 83' lang='lat' dir='ltr'><strong>suspecta</strong></span> 
     </span>
     <span class='ocr_line' id='line_1_15' title="bbox 291 1859 1427 1947; baseline -0.002 -23"><span class='ocrx_word' id='word_1_127' title='bbox 291 1863 395 1926; x_wconf 87' lang='lat' dir='ltr'><strong>nobis.</strong></span> <span class='ocrx_word' id='word_1_128' title='bbox 441 1863 503 1926; x_wconf 89' lang='lat' dir='ltr'><strong>Mit</strong></span> <span class='ocrx_word' id='word_1_129' title='bbox 524 1859 762 1926; x_wconf 84' lang='lat' dir='ltr'><strong>wecbeelndem</strong></span> <span class='ocrx_word' id='word_1_130' title='bbox 785 1859 945 1947; x_wconf 88' lang='lat' dir='ltr'><strong>Tempus:</strong></span> <span class='ocrx_word' id='word_1_131' title='bbox 975 1863 1005 1943; x_wconf 77' lang='lat'><strong>7,</strong></span> <span class='ocrx_word' id='word_1_132' title='bbox 1031 1863 1068 1924; x_wconf 84' lang='lat' dir='ltr'><strong>ll</strong></span> <span class='ocrx_word' id='word_1_133' title='bbox 1093 1883 1219 1925; x_wconf 87' lang='lat' dir='ltr'><strong>summa</strong></span> <span class='ocrx_word' id='word_1_134' title='bbox 1241 1860 1427 1925; x_wconf 82' lang='lat' dir='ltr'><strong>difficultate</strong></span> 
     </span>
     <span class='ocr_line' id='line_1_16' title="bbox 291 1961 1426 2048; baseline -0.003 -22"><span class='ocrx_word' id='word_1_135' title='bbox 291 1965 338 2028; x_wconf 89' lang='lat' dir='ltr'><strong>rei</strong></span> <span class='ocrx_word' id='word_1_136' title='bbox 367 1963 600 2027; x_wconf 85' lang='lat' dir='ltr'><strong>frumentariae</strong></span> <span class='ocrx_word' id='word_1_137' title='bbox 628 1961 743 2026; x_wconf 88' lang='lat' dir='ltr'><strong>affecto</strong></span> <span class='ocrx_word' id='word_1_138' title='bbox 771 1963 917 2026; x_wconf 85' lang='lat' dir='ltr'><strong>exercitu</strong></span> <span class='ocrx_word' id='word_1_139' title='bbox 940 2000 978 2010; x_wconf 92' lang='lat'>—</span> <span class='ocrx_word' id='word_1_140' title='bbox 1008 1983 1111 2048; x_wconf 88' lang='lat' dir='ltr'><strong>usque</strong></span> <span class='ocrx_word' id='word_1_141' title='bbox 1133 1984 1171 2026; x_wconf 90' lang='lat' dir='ltr'><strong>co</strong></span> <span class='ocrx_word' id='word_1_142' title='bbox 1192 1973 1231 2027; x_wconf 92' lang='lat' dir='ltr'><strong>ut</strong></span> <span class='ocrx_word' id='word_1_143' title='bbox 1252 1961 1426 2048; x_wconf 88' lang='lat' dir='ltr'><strong>complures</strong></span> 
     </span>
     <span class='ocr_line' id='line_1_17' title="bbox 291 2062 1427 2158; baseline -0.004 -30"><span class='ocrx_word' id='word_1_144' title='bbox 291 2065 360 2128; x_wconf 90' lang='lat' dir='ltr'><strong>dies</strong></span> <span class='ocrx_word' id='word_1_145' title='bbox 384 2065 547 2129; x_wconf 81' lang='lat' dir='ltr'><strong>frumento</strong></span> <span class='ocrx_word' id='word_1_146' title='bbox 575 2062 692 2127; x_wconf 86' lang='lat' dir='ltr'><strong>milites</strong></span> <span class='ocrx_word' id='word_1_147' title='bbox 720 2063 885 2158; x_wconf 70' lang='lat' dir='ltr'><strong>cantarint</strong></span> <span class='ocrx_word' id='word_1_148' title='bbox 912 2073 944 2126; x_wconf 88' lang='lat' dir='ltr'><strong>et</strong></span> <span class='ocrx_word' id='word_1_149' title='bbox 967 2085 1083 2150; x_wconf 89' lang='lat' dir='ltr'><strong>pecore</strong></span> <span class='ocrx_word' id='word_1_150' title='bbox 1107 2101 1144 2109; x_wconf 91' lang='lat'><strong>—</strong></span> <span class='ocrx_word' id='word_1_151' title='bbox 1169 2064 1288 2128; x_wconf 83' lang='lat' dir='ltr'><strong>samem</strong></span> <span class='ocrx_word' id='word_1_152' title='bbox 1311 2073 1427 2128; x_wconf 87' lang='lat' dir='ltr'><strong>susten·</strong></span> 
     </span>
     <span class='ocr_line' id='line_1_18' title="bbox 291 2175 775 2254; baseline 0 -24"><span class='ocrx_word' id='word_1_153' title='bbox 291 2175 407 2230; x_wconf 89' lang='lat' dir='ltr'><strong>tarent.</strong></span> <span class='ocrx_word' id='word_1_154' title='bbox 769 2249 775 2254; x_wconf 28' lang='grc' dir='ltr'>Ι</span> 
     </span>
    </p>

    <p class='ocr_par' dir='ltr' id='par_1_4' title="bbox 290 2265 1511 3467">
     <span class='ocr_line' id='line_1_19' title="bbox 376 2265 1511 2350; baseline 0 -20"><span class='ocrx_word' id='word_1_155' title='bbox 376 2267 435 2330; x_wconf 90' lang='grc' dir='ltr'><strong>Β11</strong></span> <span class='ocrx_word' id='word_1_156' title='bbox 458 2265 619 2331; x_wconf 86' lang='lat' dir='ltr'><strong>Sallust</strong></span> <span class='ocrx_word' id='word_1_157' title='bbox 647 2267 915 2350; x_wconf 83' lang='lat' dir='ltr'><strong>(ausgenommen</strong></span> <span class='ocrx_word' id='word_1_158' title='bbox 946 2265 1042 2350; x_wconf 87' lang='lat' dir='ltr'><strong>frgm.</strong></span> <span class='ocrx_word' id='word_1_159' title='bbox 1074 2268 1103 2347; x_wconf 87' lang='lat'><strong>1,</strong></span> <span class='ocrx_word' id='word_1_160' title='bbox 1134 2267 1173 2330; x_wconf 82' lang='lat'><strong>19</strong></span> <span class='ocrx_word' id='word_1_161' title='bbox 1201 2265 1235 2331; x_wconf 87' lang='lat' dir='ltr'><strong>S.</strong></span> <span class='ocrx_word' id='word_1_162' title='bbox 1259 2266 1427 2331; x_wconf 73' lang='grc'><strong>220111.</strong></span> <span class='ocrx_word' id='word_1_163' title='bbox 1510 2283 1511 2292; x_wconf 57' lang='lat'>¹</span> 
     </span>
     <span class='ocr_line' id='line_1_20' title="bbox 291 2365 1427 2452; baseline -0.002 -20"><span class='ocrx_word' id='word_1_164' title='bbox 291 2369 480 2452; x_wconf 90' lang='lat' dir='ltr'><strong>mutaverit)</strong></span> <span class='ocrx_word' id='word_1_165' title='bbox 502 2367 570 2432; x_wconf 89' lang='lat' dir='ltr'><strong>und</strong></span> <span class='ocrx_word' id='word_1_166' title='bbox 593 2368 665 2430; x_wconf 90' lang='lat' dir='ltr'><strong>dem</strong></span> <span class='ocrx_word' id='word_1_167' title='bbox 686 2367 860 2432; x_wconf 82' lang='lat' dir='ltr'><strong>Veriasscr</strong></span> <span class='ocrx_word' id='word_1_168' title='bbox 882 2365 940 2432; x_wconf 89' lang='lat' dir='ltr'><strong>des</strong></span> <span class='ocrx_word' id='word_1_169' title='bbox 969 2366 1068 2431; x_wconf 90' lang='lat' dir='ltr'><strong>Bell.</strong></span> <span class='ocrx_word' id='word_1_170' title='bbox 1091 2367 1218 2432; x_wconf 84' lang='lat' dir='ltr'><strong>Afric.</strong></span> <span class='ocrx_word' id='word_1_171' title='bbox 1242 2367 1346 2433; x_wconf 89' lang='lat' dir='ltr'><strong>findet</strong></span> <span class='ocrx_word' id='word_1_172' title='bbox 1366 2367 1427 2433; x_wconf 88' lang='lat' dir='ltr'><strong>sich</strong></span> 
     </span>
     <span class='ocr_line' id='line_1_21' title="bbox 292 2467 1427 2554; baseline 0 -22"><span class='ocrx_word' id='word_1_173' title='bbox 292 2469 369 2533; x_wconf 88' lang='lat' dir='ltr'><strong>kcin</strong></span> <span class='ocrx_word' id='word_1_174' title='bbox 397 2469 551 2554; x_wconf 87' lang='lat' dir='ltr'><strong>Beispiel.</strong></span> <span class='ocrx_word' id='word_1_175' title='bbox 579 2507 620 2516; x_wconf 91' lang='lat'><em>-</em></span> <span class='ocrx_word' id='word_1_176' title='bbox 650 2467 747 2534; x_wconf 89' lang='lat' dir='ltr'><strong>Bell.</strong></span> <span class='ocrx_word' id='word_1_177' title='bbox 782 2468 896 2533; x_wconf 88' lang='lat' dir='ltr'><strong>Alex.</strong></span> <span class='ocrx_word' id='word_1_178' title='bbox 926 2467 968 2532; x_wconf 82' lang='lat'><strong>22</strong></span> <span class='ocrx_word' id='word_1_179' title='bbox 998 2467 1060 2532; x_wconf 92' lang='lat' dir='ltr'><strong>boc</strong></span> <span class='ocrx_word' id='word_1_180' title='bbox 1093 2468 1288 2534; x_wconf 89' lang='lat' dir='ltr'><strong>detrimento</strong></span> <span class='ocrx_word' id='word_1_181' title='bbox 1316 2469 1427 2533; x_wconf 89' lang='lat' dir='ltr'><strong>militas</strong></span> 
     </span>
     <span class='ocr_line' id='line_1_22' title="bbox 291 2569 1428 2657; baseline 0 -25"><span class='ocrx_word' id='word_1_182' title='bbox 291 2571 396 2636; x_wconf 90' lang='lat' dir='ltr'><strong>nostri</strong></span> <span class='ocrx_word' id='word_1_183' title='bbox 417 2581 544 2636; x_wconf 87' lang='lat' dir='ltr'><strong>tantum</strong></span> <span class='ocrx_word' id='word_1_184' title='bbox 565 2571 741 2636; x_wconf 82' lang='lat' dir='ltr'><strong>abfuerunt</strong></span> <span class='ocrx_word' id='word_1_185' title='bbox 762 2577 799 2634; x_wconf 90' lang='lat' dir='ltr'><strong>ut</strong></span> <span class='ocrx_word' id='word_1_186' title='bbox 821 2569 1105 2655; x_wconf 88' lang='lat' dir='ltr'><strong>perturbarentur,</strong></span> <span class='ocrx_word' id='word_1_187' title='bbox 1133 2579 1170 2634; x_wconf 89' lang='lat' dir='ltr'><strong>nt</strong></span> <span class='ocrx_word' id='word_1_188' title='bbox 1192 2571 1317 2636; x_wconf 89' lang='lat' dir='ltr'><strong>incensi</strong></span> <span class='ocrx_word' id='word_1_189' title='bbox 1339 2581 1428 2657; x_wconf 89' lang='lat' dir='ltr'><strong>atque</strong></span> 
     </span>
     <span class='ocr_line' id='line_1_23' title="bbox 290 2671 1426 2758; baseline 0 -22"><span class='ocrx_word' id='word_1_190' title='bbox 290 2672 417 2737; x_wconf 88' lang='lat' dir='ltr'><strong>incitati</strong></span> <span class='ocrx_word' id='word_1_191' title='bbox 439 2695 576 2758; x_wconf 84' lang='lat' dir='ltr'><strong>magnas</strong></span> <span class='ocrx_word' id='word_1_192' title='bbox 599 2673 801 2742; x_wconf 82' lang='lat' dir='ltr'><strong>accessiones</strong></span> <span class='ocrx_word' id='word_1_193' title='bbox 825 2671 962 2736; x_wconf 82' lang='lat' dir='ltr'><strong>iecerint</strong></span> <span class='ocrx_word' id='word_1_194' title='bbox 984 2673 1018 2735; x_wconf 91' lang='lat' dir='ltr'><strong>in</strong></span> <span class='ocrx_word' id='word_1_195' title='bbox 1038 2671 1192 2757; x_wconf 84' lang='lat' dir='ltr'><strong>operibus</strong></span> <span class='ocrx_word' id='word_1_196' title='bbox 1214 2671 1357 2737; x_wconf 90' lang='lat' dir='ltr'><strong>hostium</strong></span> <span class='ocrx_word' id='word_1_197' title='bbox 1378 2693 1426 2736; x_wconf 84' lang='lat' dir='ltr'><strong>ex·</strong></span> 
     </span>
     <span class='ocr_line' id='line_1_24' title="bbox 291 2771 1510 2859; baseline 0 -21"><span class='ocrx_word' id='word_1_198' title='bbox 291 2773 488 2859; x_wconf 87' lang='lat' dir='ltr'><strong>pugnandis.</strong></span> <span class='ocrx_word' id='word_1_199' title='bbox 511 2775 553 2838; x_wconf 84' lang='lat'><strong>43</strong></span> <span class='ocrx_word' id='word_1_200' title='bbox 576 2772 658 2838; x_wconf 91' lang='lat' dir='ltr'><strong>adeo</strong></span> <span class='ocrx_word' id='word_1_201' title='bbox 681 2782 731 2838; x_wconf 89' lang='lat' dir='ltr'><strong>est</strong></span> <span class='ocrx_word' id='word_1_202' title='bbox 753 2797 772 2838; x_wconf 88' lang='lat' dir='ltr'><strong>a</strong></span> <span class='ocrx_word' id='word_1_203' title='bbox 794 2771 944 2837; x_wconf 90' lang='lat' dir='ltr'><strong>barbaris</strong></span> <span class='ocrx_word' id='word_1_204' title='bbox 972 2782 1175 2859; x_wconf 91' lang='lat' dir='ltr'><strong>contemptus</strong></span> <span class='ocrx_word' id='word_1_205' title='bbox 1201 2784 1238 2839; x_wconf 89' lang='lat' dir='ltr'><strong>ut</strong></span> <span class='ocrx_word' id='word_1_206' title='bbox 1260 2811 1302 2824; x_wconf 82' lang='lat'><em>-</em></span> <span class='ocrx_word' id='word_1_207' title='bbox 1324 2777 1357 2839; x_wconf 90' lang='lat' dir='ltr'><strong>in</strong></span> <span class='ocrx_word' id='word_1_208' title='bbox 1378 2795 1426 2858; x_wconf 81' lang='lat' dir='ltr'><strong>ag·</strong></span> <span class='ocrx_word' id='word_1_209' title='bbox 1509 2781 1510 2818; x_wconf 73' lang='lat' dir='ltr'><strong>l</strong></span> 
     </span>
     <span class='ocr_line' id='line_1_25' title="bbox 291 2873 1426 2961; baseline 0.001 -23"><span class='ocrx_word' id='word_1_210' title='bbox 291 2875 378 2940; x_wconf 90' lang='lat' dir='ltr'><strong>mine</strong></span> <span class='ocrx_word' id='word_1_211' title='bbox 401 2873 558 2941; x_wconf 87' lang='lat' dir='ltr'><strong>dimicare</strong></span> <span class='ocrx_word' id='word_1_212' title='bbox 581 2877 623 2940; x_wconf 88' lang='lat' dir='ltr'><strong>eit</strong></span> <span class='ocrx_word' id='word_1_213' title='bbox 646 2883 788 2942; x_wconf 85' lang='lat' dir='ltr'><strong>coactus.</strong></span> <span class='ocrx_word' id='word_1_214' title='bbox 814 2913 850 2924; x_wconf 92' lang='lat'><em>-</em></span> <span class='ocrx_word' id='word_1_215' title='bbox 875 2873 976 2938; x_wconf 90' lang='lat' dir='ltr'><strong>Bell.</strong></span> <span class='ocrx_word' id='word_1_216' title='bbox 1000 2873 1112 2960; x_wconf 89' lang='lat' dir='ltr'><strong>Hisp.</strong></span> <span class='ocrx_word' id='word_1_217' title='bbox 1142 2875 1191 2940; x_wconf 84' lang='grc'><strong>111</strong></span> <span class='ocrx_word' id='word_1_218' title='bbox 1212 2877 1334 2961; x_wconf 82' lang='lat' dir='ltr'><strong>exiguo</strong></span> <span class='ocrx_word' id='word_1_219' title='bbox 1355 2887 1426 2941; x_wconf 87' lang='lat' dir='ltr'><strong>tem·</strong></span> 
     </span>
     <span class='ocr_line' id='line_1_26' title="bbox 291 2975 1427 3064; baseline -0.004 -22"><span class='ocrx_word' id='word_1_220' title='bbox 291 2998 370 3064; x_wconf 89' lang='lat' dir='ltr'><strong>porc</strong></span> <span class='ocrx_word' id='word_1_221' title='bbox 391 3013 433 3024; x_wconf 95' lang='lat'><em>-</em></span> <span class='ocrx_word' id='word_1_222' title='bbox 455 2976 614 3064; x_wconf 91' lang='lat' dir='ltr'><strong>proelium</strong></span> <span class='ocrx_word' id='word_1_223' title='bbox 638 2977 746 3042; x_wconf 88' lang='lat' dir='ltr'><strong>lacere</strong></span> <span class='ocrx_word' id='word_1_224' title='bbox 768 2977 885 3061; x_wconf 84' lang='lat' dir='ltr'><strong>coepit,</strong></span> <span class='ocrx_word' id='word_1_225' title='bbox 908 2997 1012 3064; x_wconf 89' lang='lat' dir='ltr'><strong>usque</strong></span> <span class='ocrx_word' id='word_1_226' title='bbox 1033 2999 1070 3042; x_wconf 90' lang='lat' dir='ltr'><strong>eo</strong></span> <span class='ocrx_word' id='word_1_227' title='bbox 1089 2986 1126 3040; x_wconf 88' lang='grc'><strong>11</strong></span> <span class='ocrx_word' id='word_1_228' title='bbox 1141 2975 1274 3042; x_wconf 89' lang='lat' dir='ltr'><strong>caedem</strong></span> <span class='ocrx_word' id='word_1_229' title='bbox 1289 2979 1427 3064; x_wconf 85' lang='lat' dir='ltr'><strong>proxime</strong></span> 
     </span>
     <span class='ocr_line' id='line_1_27' title="bbox 291 3076 1427 3166; baseline 0 -24"><span class='ocrx_word' id='word_1_230' title='bbox 291 3101 311 3142; x_wconf 94' lang='lat' dir='ltr'><strong>a</strong></span> <span class='ocrx_word' id='word_1_231' title='bbox 334 3076 419 3143; x_wconf 91' lang='lat' dir='ltr'><strong>vallo</strong></span> <span class='ocrx_word' id='word_1_232' title='bbox 442 3078 591 3145; x_wconf 88' lang='grc'><strong>11111111.</strong></span> <span class='ocrx_word' id='word_1_233' title='bbox 620 3077 661 3142; x_wconf 85' lang='grc'><strong>23</strong></span> <span class='ocrx_word' id='word_1_234' title='bbox 689 3077 773 3142; x_wconf 89' lang='grc'><strong>11111</strong></span> <span class='ocrx_word' id='word_1_235' title='bbox 795 3099 876 3164; x_wconf 88' lang='lat' dir='ltr'><strong>quos</strong></span> <span class='ocrx_word' id='word_1_236' title='bbox 898 3079 946 3144; x_wconf 89' lang='lat' dir='ltr'><strong>ita</strong></span> <span class='ocrx_word' id='word_1_237' title='bbox 968 3079 1149 3144; x_wconf 89' lang='lat' dir='ltr'><strong>comminus</strong></span> <span class='ocrx_word' id='word_1_238' title='bbox 1172 3087 1223 3142; x_wconf 90' lang='lat' dir='ltr'><strong>est</strong></span> <span class='ocrx_word' id='word_1_239' title='bbox 1244 3089 1427 3166; x_wconf 78' lang='lat' dir='ltr'><strong>pugnatum,</strong></span> 
     </span>
     <span class='ocr_line' id='line_1_28' title="bbox 291 3178 1426 3266; baseline -0.001 -23"><span class='ocrx_word' id='word_1_240' title='bbox 291 3189 327 3245; x_wconf 92' lang='lat' dir='ltr'><strong>ut</strong></span> <span class='ocrx_word' id='word_1_241' title='bbox 349 3201 391 3244; x_wconf 87' lang='lat' dir='ltr'><strong>ex</strong></span> <span class='ocrx_word' id='word_1_242' title='bbox 411 3182 534 3245; x_wconf 88' lang='lat' dir='ltr'><strong>nostris</strong></span> <span class='ocrx_word' id='word_1_243' title='bbox 557 3188 687 3266; x_wconf 88' lang='lat' dir='ltr'><strong>praeter</strong></span> <span class='ocrx_word' id='word_1_244' title='bbox 709 3178 791 3244; x_wconf 92' lang='lat' dir='ltr'><strong>duos</strong></span> <span class='ocrx_word' id='word_1_245' title='bbox 814 3179 1018 3244; x_wconf 88' lang='lat' dir='ltr'><strong>centuriones</strong></span> <span class='ocrx_word' id='word_1_246' title='bbox 1042 3183 1085 3244; x_wconf 89' lang='lat' dir='ltr'><strong>sit</strong></span> <span class='ocrx_word' id='word_1_247' title='bbox 1106 3201 1201 3246; x_wconf 90' lang='lat' dir='ltr'><strong>nemo</strong></span> <span class='ocrx_word' id='word_1_248' title='bbox 1217 3178 1426 3245; x_wconf 86' lang='lat' dir='ltr'><strong>desideratus.</strong></span> 
     </span>
     <span class='ocr_line' id='line_1_29' title="bbox 291 3280 1428 3368; baseline 0 -22"><span class='ocrx_word' id='word_1_249' title='bbox 291 3282 330 3346; x_wconf 90' lang='lat'><strong>31</strong></span> <span class='ocrx_word' id='word_1_250' title='bbox 354 3280 464 3346; x_wconf 86' lang='lat' dir='ltr'><strong>hostes</strong></span> <span class='ocrx_word' id='word_1_251' title='bbox 486 3280 696 3346; x_wconf 87' lang='lat' dir='ltr'><strong>vehementer</strong></span> <span class='ocrx_word' id='word_1_252' title='bbox 717 3301 864 3368; x_wconf 87' lang='lat' dir='ltr'><strong>premere</strong></span> <span class='ocrx_word' id='word_1_253' title='bbox 880 3291 1064 3367; x_wconf 87' lang='lat' dir='ltr'><strong>coeperunt,</strong></span> <span class='ocrx_word' id='word_1_254' title='bbox 1088 3292 1125 3347; x_wconf 91' lang='lat' dir='ltr'><strong>nt</strong></span> <span class='ocrx_word' id='word_1_255' title='bbox 1138 3281 1182 3345; x_wconf 92' lang='lat' dir='ltr'><strong>ad</strong></span> <span class='ocrx_word' id='word_1_256' title='bbox 1197 3282 1377 3348; x_wconf 85' lang='lat' dir='ltr'><strong>subsidium</strong></span> <span class='ocrx_word' id='word_1_257' title='bbox 1391 3317 1428 3330; x_wconf 87' lang='lat'><strong>-·</strong></span> 
     </span>
     <span class='ocr_line' id='line_1_30' title="bbox 291 3381 1307 3467; baseline 0.003 -22"><span class='ocrx_word' id='word_1_258' title='bbox 291 3381 378 3467; x_wconf 84' lang='lat' dir='ltr'><strong>legio</strong></span> <span class='ocrx_word' id='word_1_259' title='bbox 399 3382 662 3448; x_wconf 85' lang='lat' dir='ltr'><strong>adversariorum</strong></span> <span class='ocrx_word' id='word_1_260' title='bbox 687 3383 853 3448; x_wconf 88' lang='lat' dir='ltr'><strong>transduci</strong></span> <span class='ocrx_word' id='word_1_261' title='bbox 875 3392 991 3467; x_wconf 89' lang='lat' dir='ltr'><strong>coepta</strong></span> <span class='ocrx_word' id='word_1_262' title='bbox 1012 3386 1057 3448; x_wconf 91' lang='lat' dir='ltr'><strong>sit</strong></span> <span class='ocrx_word' id='word_1_263' title='bbox 1078 3383 1120 3448; x_wconf 90' lang='lat' dir='ltr'><strong>ad</strong></span> <span class='ocrx_word' id='word_1_264' title='bbox 1142 3384 1307 3449; x_wconf 87' lang='lat' dir='ltr'><strong>dextrum.</strong></span> 
     </span>
    </p>

    <p class='ocr_par' dir='ltr' id='par_1_5' title="bbox 234 3485 1508 4587">
     <span class='ocr_line' id='line_1_31' title="bbox 376 3485 1427 3570; baseline -0.001 -20"><span class='ocrx_word' id='word_1_265' title='bbox 376 3485 520 3550; x_wconf 87' lang='lat' dir='ltr'><strong>Livius</strong></span> <span class='ocrx_word' id='word_1_266' title='bbox 545 3488 574 3567; x_wconf 87' lang='lat'><strong>1,</strong></span> <span class='ocrx_word' id='word_1_267' title='bbox 597 3485 617 3549; x_wconf 88' lang='lat'><strong>3</strong></span> <span class='ocrx_word' id='word_1_268' title='bbox 639 3495 766 3550; x_wconf 89' lang='lat' dir='ltr'><strong>tantum</strong></span> <span class='ocrx_word' id='word_1_269' title='bbox 788 3504 865 3570; x_wconf 90' lang='lat' dir='ltr'><strong>opes</strong></span> <span class='ocrx_word' id='word_1_270' title='bbox 888 3495 1059 3551; x_wconf 88' lang='lat' dir='ltr'><strong>creverant</strong></span> <span class='ocrx_word' id='word_1_271' title='bbox 1081 3493 1118 3548; x_wconf 93' lang='lat' dir='ltr'><strong>ut</strong></span> <span class='ocrx_word' id='word_1_272' title='bbox 1134 3522 1176 3534; x_wconf 89' lang='lat'>—</span> <span class='ocrx_word' id='word_1_273' title='bbox 1191 3508 1324 3552; x_wconf 88' lang='lat' dir='ltr'><strong>movere</strong></span> <span class='ocrx_word' id='word_1_274' title='bbox 1344 3505 1427 3550; x_wconf 87' lang='lat' dir='ltr'><strong>arma</strong></span> 
     </span>
     <span class='ocr_line' id='line_1_32' title="bbox 290 3585 1426 3672; baseline -0.004 -20"><span class='ocrx_word' id='word_1_275' title='bbox 290 3585 372 3652; x_wconf 92' lang='lat' dir='ltr'><strong>nulli</strong></span> <span class='ocrx_word' id='word_1_276' title='bbox 394 3585 524 3652; x_wconf 85' lang='lat' dir='ltr'><strong>accolae</strong></span> <span class='ocrx_word' id='word_1_277' title='bbox 547 3588 618 3651; x_wconf 88' lang='lat' dir='ltr'><strong>ausi</strong></span> <span class='ocrx_word' id='word_1_278' title='bbox 641 3587 716 3650; x_wconf 89' lang='lat' dir='ltr'><strong>sint.</strong></span> <span class='ocrx_word' id='word_1_279' title='bbox 743 3589 770 3667; x_wconf 93' lang='grc'><strong>1,</strong></span> <span class='ocrx_word' id='word_1_280' title='bbox 797 3587 835 3650; x_wconf 89' lang='lat'><strong>16</strong></span> <span class='ocrx_word' id='word_1_281' title='bbox 850 3595 1025 3671; x_wconf 89' lang='lat' dir='ltr'><strong>tempestas</strong></span> <span class='ocrx_word' id='word_1_282' title='bbox 1051 3623 1087 3636; x_wconf 92' lang='lat'><em>-</em></span> <span class='ocrx_word' id='word_1_283' title='bbox 1111 3595 1178 3651; x_wconf 88' lang='lat' dir='ltr'><strong>tam</strong></span> <span class='ocrx_word' id='word_1_284' title='bbox 1201 3587 1303 3653; x_wconf 88' lang='lat' dir='ltr'><strong>denso</strong></span> <span class='ocrx_word' id='word_1_285' title='bbox 1324 3607 1426 3672; x_wconf 82' lang='lat' dir='ltr'><strong>regern</strong></span> 
     </span>
     <span class='ocr_line' id='line_1_33' title="bbox 290 3686 1426 3775; baseline -0.004 -22"><span class='ocrx_word' id='word_1_286' title='bbox 290 3690 418 3775; x_wconf 89' lang='lat' dir='ltr'><strong>operuit</strong></span> <span class='ocrx_word' id='word_1_287' title='bbox 447 3687 575 3768; x_wconf 92' lang='lat' dir='ltr'><strong>nimbo,</strong></span> <span class='ocrx_word' id='word_1_288' title='bbox 604 3697 641 3754; x_wconf 89' lang='lat' dir='ltr'><strong>ut</strong></span> <span class='ocrx_word' id='word_1_289' title='bbox 663 3697 873 3774; x_wconf 89' lang='lat' dir='ltr'><strong>conspectum</strong></span> <span class='ocrx_word' id='word_1_290' title='bbox 895 3687 964 3752; x_wconf 87' lang='lat' dir='ltr'><strong>cius</strong></span> <span class='ocrx_word' id='word_1_291' title='bbox 987 3689 1131 3753; x_wconf 90' lang='lat' dir='ltr'><strong>contioni</strong></span> <span class='ocrx_word' id='word_1_292' title='bbox 1156 3689 1337 3754; x_wconf 86' lang='lat' dir='ltr'><strong>abstulerit.</strong></span> <span class='ocrx_word' id='word_1_293' title='bbox 1358 3689 1388 3769; x_wconf 85' lang='lat'><strong>2,</strong></span> <span class='ocrx_word' id='word_1_294' title='bbox 1408 3686 1426 3748; x_wconf 82' lang='lat'><strong>6</strong></span> 
     </span>
     <span class='ocr_line' id='line_1_34' title="bbox 290 3789 1426 3876; baseline -0.002 -23"><span class='ocrx_word' id='word_1_295' title='bbox 290 3790 437 3876; x_wconf 89' lang='lat' dir='ltr'><strong>adeoque</strong></span> <span class='ocrx_word' id='word_1_296' title='bbox 457 3789 587 3854; x_wconf 85' lang='lat' dir='ltr'><strong>infestis</strong></span> <span class='ocrx_word' id='word_1_297' title='bbox 610 3790 727 3854; x_wconf 89' lang='lat' dir='ltr'><strong>animis</strong></span> <span class='ocrx_word' id='word_1_298' title='bbox 749 3801 982 3855; x_wconf 89' lang='lat' dir='ltr'><strong>concurrerunt</strong></span> <span class='ocrx_word' id='word_1_299' title='bbox 1003 3797 1100 3853; x_wconf 69' lang='lat' dir='ltr'><strong>—‘ut</strong></span> <span class='ocrx_word' id='word_1_300' title='bbox 1121 3826 1162 3838; x_wconf 90' lang='lat'><strong>—</strong></span> <span class='ocrx_word' id='word_1_301' title='bbox 1183 3791 1369 3856; x_wconf 87' lang='lat' dir='ltr'><strong>moribundi</strong></span> <span class='ocrx_word' id='word_1_302' title='bbox 1389 3809 1426 3852; x_wconf 83' lang='lat' dir='ltr'><strong>ex</strong></span> 
     </span>
     <span class='ocr_line' id='line_1_35' title="bbox 292 3889 1508 3978; baseline -0.002 -24"><span class='ocrx_word' id='word_1_303' title='bbox 292 3890 382 3974; x_wconf 88' lang='lat' dir='ltr'><strong>equis</strong></span> <span class='ocrx_word' id='word_1_304' title='bbox 404 3891 487 3978; x_wconf 86' lang='lat' dir='ltr'><strong>lapsi</strong></span> <span class='ocrx_word' id='word_1_305' title='bbox 510 3892 587 3959; x_wconf 84' lang='lat' dir='ltr'><strong>sint.</strong></span> <span class='ocrx_word' id='word_1_306' title='bbox 631 3890 682 3954; x_wconf 86' lang='lat' dir='ltr'><strong>lm</strong></span> <span class='ocrx_word' id='word_1_307' title='bbox 705 3891 841 3956; x_wconf 82' lang='lat' dir='ltr'><strong>Ganzen</strong></span> <span class='ocrx_word' id='word_1_308' title='bbox 863 3889 920 3955; x_wconf 85' lang='lat' dir='ltr'><strong>hat</strong></span> <span class='ocrx_word' id='word_1_309' title='bbox 940 3890 1057 3956; x_wconf 88' lang='lat' dir='ltr'><strong>Livius</strong></span> <span class='ocrx_word' id='word_1_310' title='bbox 1082 3890 1124 3956; x_wconf 87' lang='lat'><strong>69</strong></span> <span class='ocrx_word' id='word_1_311' title='bbox 1146 3889 1280 3977; x_wconf 88' lang='lat' dir='ltr'><strong>Stellen,</strong></span> <span class='ocrx_word' id='word_1_312' title='bbox 1302 3913 1365 3956; x_wconf 80' lang='lat' dir='ltr'><strong>uas</strong></span> <span class='ocrx_word' id='word_1_313' title='bbox 1387 3889 1425 3953; x_wconf 90' lang='lat' dir='ltr'><strong>im</strong></span> <span class='ocrx_word' id='word_1_314' title='bbox 1507 3919 1508 3934; x_wconf 72' lang='lat'><strong>.</strong></span> 
     </span>
     <span class='ocr_line' id='line_1_36' title="bbox 292 3987 1424 4077; baseline -0.003 -22"><span class='ocrx_word' id='word_1_315' title='bbox 292 3990 497 4058; x_wconf 73' lang='lat' dir='ltr'><strong>Verbaltniss</strong></span> <span class='ocrx_word' id='word_1_316' title='bbox 525 4015 567 4056; x_wconf 85' lang='lat' dir='ltr'><strong>au</strong></span> <span class='ocrx_word' id='word_1_317' title='bbox 594 3991 669 4056; x_wconf 89' lang='lat' dir='ltr'><strong>dem</strong></span> <span class='ocrx_word' id='word_1_318' title='bbox 696 4013 831 4076; x_wconf 85' lang='lat' dir='ltr'><strong>grossen</strong></span> <span class='ocrx_word' id='word_1_319' title='bbox 855 3991 1018 4077; x_wconf 83' lang='lat' dir='ltr'><strong>Umlange</strong></span> <span class='ocrx_word' id='word_1_320' title='bbox 1045 3993 1153 4058; x_wconf 87' lang='lat' dir='ltr'><strong>seiner</strong></span> <span class='ocrx_word' id='word_1_321' title='bbox 1179 3993 1341 4060; x_wconf 82' lang='lat' dir='ltr'><strong>Schriften</strong></span> <span class='ocrx_word' id='word_1_322' title='bbox 1361 3987 1424 4056; x_wconf 89' lang='lat' dir='ltr'><strong>und</strong></span> 
     </span>
     <span class='ocr_line' id='line_1_37' title="bbox 292 4093 1425 4181; baseline -0.003 -25"><span class='ocrx_word' id='word_1_323' title='bbox 292 4116 334 4157; x_wconf 85' lang='lat' dir='ltr'><strong>zu</strong></span> <span class='ocrx_word' id='word_1_324' title='bbox 355 4093 430 4158; x_wconf 89' lang='lat' dir='ltr'><strong>dem</strong></span> <span class='ocrx_word' id='word_1_325' title='bbox 453 4093 745 4181; x_wconf 82' lang='lat' dir='ltr'><strong>Spracbgebrauclr</strong></span> <span class='ocrx_word' id='word_1_326' title='bbox 767 4093 826 4158; x_wconf 89' lang='lat' dir='ltr'><strong>des</strong></span> <span class='ocrx_word' id='word_1_327' title='bbox 842 4093 964 4160; x_wconf 88' lang='lat' dir='ltr'><strong>Sueton</strong></span> <span class='ocrx_word' id='word_1_328' title='bbox 986 4093 1053 4160; x_wconf 89' lang='lat' dir='ltr'><strong>und</strong></span> <span class='ocrx_word' id='word_1_329' title='bbox 1069 4094 1180 4181; x_wconf 82' lang='lat' dir='ltr'><strong>Nepos</strong></span> <span class='ocrx_word' id='word_1_330' title='bbox 1202 4093 1301 4160; x_wconf 79' lang='lat' dir='ltr'><strong>haine</strong></span> <span class='ocrx_word' id='word_1_331' title='bbox 1320 4111 1425 4180; x_wconf 76' lang='lat' dir='ltr'><strong>grosse</strong></span> 
     </span>
     <span class='ocr_line' id='line_1_38' title="bbox 292 4193 1424 4262; baseline 0 -4"><span class='ocrx_word' id='word_1_332' title='bbox 292 4194 374 4260; x_wconf 85' lang='lat' dir='ltr'><strong>Zahl</strong></span> <span class='ocrx_word' id='word_1_333' title='bbox 397 4196 450 4261; x_wconf 85' lang='lat' dir='ltr'><strong>ist.</strong></span> <span class='ocrx_word' id='word_1_334' title='bbox 486 4194 582 4261; x_wconf 89' lang='lat' dir='ltr'><strong>Aucb</strong></span> <span class='ocrx_word' id='word_1_335' title='bbox 605 4193 785 4260; x_wconf 88' lang='lat' dir='ltr'><strong>vortbeilcn</strong></span> <span class='ocrx_word' id='word_1_336' title='bbox 807 4194 878 4260; x_wconf 89' lang='lat' dir='ltr'><strong>sich</strong></span> <span class='ocrx_word' id='word_1_337' title='bbox 901 4195 955 4261; x_wconf 87' lang='lat' dir='ltr'><strong>die</strong></span> <span class='ocrx_word' id='word_1_338' title='bbox 970 4193 1094 4262; x_wconf 87' lang='lat' dir='ltr'><strong>Stellen</strong></span> <span class='ocrx_word' id='word_1_339' title='bbox 1116 4195 1171 4262; x_wconf 88' lang='lat' dir='ltr'><strong>bci</strong></span> <span class='ocrx_word' id='word_1_340' title='bbox 1193 4195 1261 4260; x_wconf 90' lang='lat' dir='ltr'><strong>ihm</strong></span> <span class='ocrx_word' id='word_1_341' title='bbox 1283 4197 1355 4261; x_wconf 87' lang='lat' dir='ltr'><strong>sehr</strong></span> <span class='ocrx_word' id='word_1_342' title='bbox 1370 4215 1424 4258; x_wconf 88' lang='lat' dir='ltr'><strong>cn·</strong></span> 
     </span>
     <span class='ocr_line' id='line_1_39' title="bbox 291 4293 1422 4384; baseline -0.003 -25"><span class='ocrx_word' id='word_1_343' title='bbox 291 4295 410 4380; x_wconf 85' lang='lat' dir='ltr'><strong>gleicb,</strong></span> <span class='ocrx_word' id='word_1_344' title='bbox 429 4299 465 4384; x_wconf 89' lang='lat' dir='ltr'><strong>je</strong></span> <span class='ocrx_word' id='word_1_345' title='bbox 488 4299 560 4362; x_wconf 89' lang='lat' dir='ltr'><strong>eine</strong></span> <span class='ocrx_word' id='word_1_346' title='bbox 582 4299 615 4362; x_wconf 91' lang='lat' dir='ltr'><strong>in</strong></span> <span class='ocrx_word' id='word_1_347' title='bbox 638 4297 670 4378; x_wconf 83' lang='lat'><strong>8,</strong></span> <span class='ocrx_word' id='word_1_348' title='bbox 693 4317 744 4384; x_wconf 92' lang='lat' dir='ltr'><strong>cp.</strong></span> <span class='ocrx_word' id='word_1_349' title='bbox 767 4297 819 4362; x_wconf 82' lang='lat'><strong>36.</strong></span> <span class='ocrx_word' id='word_1_350' title='bbox 842 4297 895 4364; x_wconf 82' lang='grc'><strong>31.</strong></span> <span class='ocrx_word' id='word_1_351' title='bbox 917 4298 969 4363; x_wconf 90' lang='grc'><strong>38.</strong></span> <span class='ocrx_word' id='word_1_352' title='bbox 993 4297 1046 4380; x_wconf 90' lang='grc'><strong>39,</strong></span> <span class='ocrx_word' id='word_1_353' title='bbox 1068 4317 1128 4382; x_wconf 83' lang='lat' dir='ltr'><strong>gar</strong></span> <span class='ocrx_word' id='word_1_354' title='bbox 1149 4297 1250 4363; x_wconf 75' lang='lat' dir='ltr'><strong>laeine</strong></span> <span class='ocrx_word' id='word_1_355' title='bbox 1271 4299 1304 4362; x_wconf 92' lang='lat' dir='ltr'><strong>in</strong></span> <span class='ocrx_word' id='word_1_356' title='bbox 1324 4297 1343 4360; x_wconf 90' lang='lat'><strong>6</strong></span> <span class='ocrx_word' id='word_1_357' title='bbox 1362 4293 1422 4358; x_wconf 84' lang='lat' dir='ltr'><strong>Bu-</strong></span> 
     </span>
     <span class='ocr_line' id='line_1_40' title="bbox 234 4395 1507 4500; baseline -0.003 -38"><span class='ocrx_word' id='word_1_358' title='bbox 234 4443 249 4470; x_wconf 78' lang='lat'><strong>.</strong></span> <span class='ocrx_word' id='word_1_359' title='bbox 292 4396 390 4462; x_wconf 89' lang='lat' dir='ltr'><strong>chem</strong></span> <span class='ocrx_word' id='word_1_360' title='bbox 406 4421 464 4463; x_wconf 86' lang='lat' dir='ltr'><strong>aus</strong></span> <span class='ocrx_word' id='word_1_361' title='bbox 480 4398 544 4463; x_wconf 91' lang='lat' dir='ltr'><strong>den</strong></span> <span class='ocrx_word' id='word_1_362' title='bbox 559 4398 681 4464; x_wconf 84' lang='lat' dir='ltr'><strong>letaten</strong></span> <span class='ocrx_word' id='word_1_363' title='bbox 696 4397 875 4464; x_wconf 88' lang='lat' dir='ltr'><strong>Dekaden:</strong></span> <span class='ocrx_word' id='word_1_364' title='bbox 898 4398 951 4482; x_wconf 81' lang='lat'><strong>29,</strong></span> <span class='ocrx_word' id='word_1_365' title='bbox 974 4399 1027 4480; x_wconf 88' lang='lat'><strong>30,</strong></span> <span class='ocrx_word' id='word_1_366' title='bbox 1050 4397 1104 4480; x_wconf 82' lang='lat'><strong>36,</strong></span> <span class='ocrx_word' id='word_1_367' title='bbox 1127 4399 1179 4480; x_wconf 88' lang='grc'><strong>39,</strong></span> <span class='ocrx_word' id='word_1_368' title='bbox 1201 4400 1254 4484; x_wconf 58' lang='grc' dir='ltr'><strong>Ω,</strong></span> <span class='ocrx_word' id='word_1_369' title='bbox 1267 4401 1319 4465; x_wconf 81' lang='grc'><strong>45.</strong></span> <span class='ocrx_word' id='word_1_370' title='bbox 1339 4395 1425 4462; x_wconf 86' lang='lat' dir='ltr'><strong>Aber</strong></span> <span class='ocrx_word' id='word_1_371' title='bbox 1506 4473 1507 4500; x_wconf 23' lang='grc'>1</span> 
     </span>
     <span class='ocr_line' id='line_1_41' title="bbox 291 4499 1422 4587; baseline -0.002 -21"><span class='ocrx_word' id='word_1_372' title='bbox 291 4499 336 4566; x_wconf 90' lang='lat' dir='ltr'><strong>im</strong></span> <span class='ocrx_word' id='word_1_373' title='bbox 353 4499 526 4586; x_wconf 84' lang='lat' dir='ltr'><strong>Vergleicb</strong></span> <span class='ocrx_word' id='word_1_374' title='bbox 549 4500 608 4568; x_wconf 88' lang='lat' dir='ltr'><strong>mit</strong></span> <span class='ocrx_word' id='word_1_375' title='bbox 630 4501 743 4566; x_wconf 88' lang='lat' dir='ltr'><strong>seinen</strong></span> <span class='ocrx_word' id='word_1_376' title='bbox 758 4501 973 4587; x_wconf 77' lang='lat' dir='ltr'><strong>Vorgangern</strong></span> <span class='ocrx_word' id='word_1_377' title='bbox 995 4501 1053 4566; x_wconf 88' lang='lat' dir='ltr'><strong>hat</strong></span> <span class='ocrx_word' id='word_1_378' title='bbox 1075 4523 1111 4566; x_wconf 91' lang='lat' dir='ltr'><strong>cr</strong></span> <span class='ocrx_word' id='word_1_379' title='bbox 1133 4500 1242 4568; x_wconf 87' lang='lat' dir='ltr'><strong>dieser</strong></span> <span class='ocrx_word' id='word_1_380' title='bbox 1262 4501 1422 4567; x_wconf 84' lang='lat' dir='ltr'><strong>Construc·</strong></span> 
     </span>
    </p>
   </div>
   <div class='ocr_carea' id='block_1_3' title="bbox 0 0 1533 5146">
    <p class='ocr_par' dir='ltr' id='par_1_6' title="bbox 0 0 1533 5146">
     <span class='ocr_line' id='line_1_42' title="bbox 0 0 1533 5146; baseline 0 0"><span class='ocrx_word' id='word_1_381' title='bbox 0 0 1533 5146; x_wconf 95' lang='lat' dir='ltr'><strong> </strong></span> 
     </span>
    </p>
   </div>
  </div>
 </body>
</html>
