3034 5142
561 375 793 442 -297-

110 549 165 592 non
186 527 309 614 optime
330 528 426 594 nobis
448 551 468 592 a
496 528 558 594 diis
585 551 657 595 esse
685 531 869 618 provisum,
898 531 985 618 quod
1014 532 1108 599 multi
1135 557 1246 600 eorum

111 629 258 696 beneficio
281 652 434 716 perverse
456 635 616 698 uterorum
644 632 772 717 (wegen
799 632 858 699 des
880 633 1169 719 voraulgehenden
1192 636 1246 700 In·

109 731 183 796 linit.
205 730 372 818 perfecti).

184 833 257 898 Aut
287 835 380 900 eelim
413 834 498 921 folgt
533 835 566 900 in
601 834 671 900 drei
706 832 829 901 Stellen
866 838 919 901 ein
952 835 1151 925 Conjunctiv
1188 838 1246 904 der

109 934 378 1022 liebcntempora:
414 935 458 1002 ad
486 935 557 1002 Att.
590 937 638 1019 10,
662 937 692 1015 8,
723 937 763 1001 10
791 959 828 1002 eo
857 937 956 1003 velim
985 947 1052 1004 tam
1081 939 1171 1005 facili
1197 943 1246 1008 uti

109 1059 237 1122 possem.
265 1039 314 1120 11,
330 1037 384 1120 24,
406 1039 427 1102 2
450 1037 511 1103 tibi
535 1038 740 1124 potissimum
763 1037 874 1123 velim,
897 1041 927 1104 si
949 1039 1036 1104 idem
1059 1040 1115 1106 illa
1136 1041 1245 1108 vellet.

108 1139 177 1204 lam.
200 1139 231 1223 3,
256 1139 344 1221 13,2
366 1137 465 1204 velim
487 1140 534 1204 ita
555 1139 689 1205 fortuna
703 1139 832 1206 tulisset
853 1140 999 1228 (Baitem
1028 1143 1144 1228 oedem,
1167 1145 1246 1210 aber
1275 1212 1280 1228 ,

106 1261 144 1305 an
166 1239 255 1307 allen-
273 1239 346 1306 drei
367 1239 490 1306 Stellen
512 1243 557 1308 ist
579 1241 676 1307 keine
699 1241 883 1327 Variante).

185 1341 280 1408 Gann
303 1341 487 1428 regelrecht
508 1344 568 1408 ist:
599 1343 641 1408 de
670 1365 737 1409 sen.
766 1343 797 1425 2,
820 1349 840 1406 4
869 1343 1025 1430 obrepere
1054 1346 1147 1412 aiunt
1174 1370 1245 1413 cam

99 1445 197 1524 ,eitius
235 1467 331 1534 quam
363 1449 530 1528 putassem
565 1443 709 1530 (directa
760 1467 826 1512 non
863 1456 1031 1532 putaram,
1069 1448 1153 1514 nach
1190 1450 1244 1515 off.
1304 1440 1309 1449 ’

111 1548 135 1628 l,
155 1546 224 1631 23).

185 1646 279 1714 Nach
303 1650 406 1714 ciuem
430 1649 606 1715 Futurum:
632 1649 667 1713 in
682 1647 748 1712 Pis.
769 1652 800 1730 §.
818 1648 859 1713 99
881 1671 941 1715 nec
963 1641 1069 1715 minus
1085 1649 1243 1737 laetabor,

107 1773 174 1814 eum
196 1760 229 1828 te
251 1772 382 1836 semper
403 1749 572 1816 sordidum
595 1771 692 1837 quam
716 1750 743 1813 si
767 1749 944 1838 paullisper
971 1750 1172 1817 sordidatum
1195 1754 1244 1817 vi-

107 1850 222 1918 derem.
268 1851 375 1916 chn
398 1853 450 1918 die
471 1853 590 1919 Lesart
611 1851 731 1936 richtig
753 1852 813 1934 ist,
843 1875 878 1917 so
901 1875 990 1918 muse
1022 1875 1093 1918 ruas
1114 1863 1196 1920 slatt
1216 1859 1245 1920 si

107 1953 214 2020 stehen
239 1953 307 2019 und
329 1956 464 2020 viderem
486 1953 571 2019 nach
594 1954 755 2038 Analogia
773 1955 833 2036 ¹der
856 1954 941 2020 oben
961 1955 1178 2042 angeliihrten
1202 1957 1243 2020 ir·

106 2054 209 2121 realen
231 2056 540 2144 Bedingrmgsstttzo
562 2055 689 2122 erkl'art
711 2055 853 2121 werden.

183 2159 215 2222 2.
260 2157 333 2223 Aut
351 2159 404 2224 ein
426 2158 731 2244 Nebentempus
759 2155 844 2243 folgt
873 2158 932 2222 der
960 2158 1159 2246 Conjunctiv
1187 2159 1244 2226 des

107 2259 319 2344 Praesens,
350 2282 443 2326 wonn
465 2258 672 2326 ausdrttelich
696 2258 888 2324 bezeichnet
911 2260 1041 2324 werden
1063 2259 1139 2340 soll,
1167 2259 1244 2326 dass

108 2361 160 2426 der
181 2360 291 2428 lnbalt
313 2362 371 2428 des
394 2361 617 2428 Nebensatnes
640 2360 694 2426 tur
716 2359 770 2426 die
792 2361 992 2446 Gegeuwart
1014 2361 1084 2446 gili.

186 2463 254 2529 Cic.
284 2487 317 2528 n.
341 2464 428 2547 d.2,
454 2466 469 2528 1
499 2465 626 2530 arulum
653 2461 767 2529 audire
796 2463 943 2546 Cottam,
972 2463 1065 2546 dum,
1094 2487 1159 2552 qua
1181 2464 1244 2534 elo·

107 2566 234 2650 quentia
255 2564 356 2632 l'alsos
379 2565 457 2631 deos
481 2563 631 2646 sustulit,
658 2565 772 2630 eadem
796 2587 891 2631 veros
913 2567 1053 2631 traducat.
1098 2565 1181 2632 Hier
1202 2569 1246 2633 ist

107 2668 138 2731 in
158 2667 262 2734 amuel
282 2690 345 2732 nur
372 2668 431 2732 das
465 2665 594 2732 modale
617 2666 836 2740 Verhttltniss,
865 2665 957 2732 nicht
978 2667 1036 2732 das
1067 2669 1245 2755 temporale

108 2768 307 2855 emplunden.
359 2768 453 2836 Eben
482 2792 518 2834 so
546 2767 588 2834 ad
616 2768 693 2833 lam.
724 2769 772 2842 13,
801 2769 833 2850 6,
861 2769 882 2833 4
913 2789 996 2854 quae
1024 2779 1182 2854 quantum
1210 2772 1245 2836 in

112 2871 277 2956 provincia
298 2876 433 2954 adeant,
456 2871 563 2938 vellem
585 2879 740 2958 expertus
762 2891 878 2935 essem.
920 2869 985 2934 Sed
1008 2879 1117 2934 tamen
1139 2872 1245 2958 suspi-

108 2993 159 3036 cor
178 2973 327 3056 (Baiter).
349 2973 411 3038 Mit
433 2973 506 3038 dem
528 2970 694 3038 Indicativ
716 2973 760 3036 im
783 2971 1010 3058 Hauptsatae:
1034 2994 1066 3057 p.
1082 2970 1187 3038 Balbo
1203 2975 1244 3038 27

109 3084 140 3139 et
158 3083 225 3140 erat
246 3096 351 3160 aequa
378 3072 434 3139 lex
456 3084 489 3139 et
510 3075 606 3140 uobis
628 3113 669 3124 —
693 3074 900 3138 vehementer
922 3071 1029 3155 utilis,
1056 3082 1094 3137 ut
1115 3082 1247 3160 nostras

112 3176 293 3244 inimicitiae
315 3176 380 3263 ipsi
402 3176 567 3242 internos
590 3197 752 3261 geramus,
782 3175 896 3240 amicis
924 3182 1108 3240 nostrorum
1137 3175 1242 3242 inimi·

110 3299 211 3344 corum
235 3287 461 3365 temperemus.
497 3301 529 3346 n.
553 3278 586 3341 d.
608 3279 639 3358 3,
662 3279 693 3360 4,
717 3277 737 3340 9
765 3277 843 3363 quia
868 3298 933 3340 non
962 3275 1149 3343 confidebas
1177 3287 1243 3345 tarn

112 3401 176 3446 esse
197 3380 230 3445 id
254 3381 465 3467 perspicuum
488 3401 585 3466 quam
608 3389 644 3444 tu
666 3377 750 3443 velis
778 3378 843 3462 (wo
865 3379 955 3444 celtes
982 3399 1044 3444 nur
1067 3379 1245 3467 Conjectur

111 3481 172 3566 ist).
194 3487 225 3565 ξ.
250 3483 290 3547 10
313 3482 452 3568 primum
475 3480 554 3561 fuit,
577 3481 650 3545 cum
680 3478 806 3544 caelum
829 3480 1103 3567 suspexissemus,
1132 3482 1244 3547 statim

111 3603 161 3648 nos
183 3581 364 3670 intelligere
388 3604 460 3648 esse
483 3582 618 3670 aliquod
640 3603 776 3663 numen,
799 3601 863 3667 quo
886 3579 967 3646 haec
988 3590 1144 3665 regantur
1167 3583 1244 3663 (Va-

111 3683 218 3752 riante:
242 3685 459 3771 regerentur).
503 3685 597 3749 Beim
620 3681 1050 3769 Bedingungsverhdltuiss:
1079 3665 1135 3746 fil.
1162 3684 1188 3763 l,
1213 3684 1244 3765 7,

112 3785 194 3851 2ὅεὶ
214 3786 461 3868 concederetur,
495 3785 623 3852 etiarnsi
645 3783 687 3850 ad
703 3805 829 3870 ‘corpus
858 3783 940 3849 nihil
969 3781 1146 3866 referatur,
1180 3784 1245 3850 ista

112 3907 163 3970 per
181 3911 214 3954 se
237 3911 309 3955 esso
332 3888 484 3970 iucunda.
515 3886 581 3953 div.
605 3887 635 3969 2,
657 3886 709 3969 59,
736 3886 797 3951 122
819 3907 859 3950 nc
881 3887 909 3949 si
932 3884 1090 3970 navigare
1112 3885 1243 3972 quidem

112 3987 210 4075 velim,
233 3993 281 4058 ita
295 3990 526 4076 gubernarem,
550 3998 585 4053 ut
601 3987 847 4070 somniaverim3
870 3977 1023 4073 praesens
1039 3987 1126 4050 enim
1139 4009 1244 4072 poena

113 4091 158 4160 sit.
178 4091 229 4159 off.
252 4093 282 4172 2,
309 4092 359 4176 16,
381 4093 422 4157 57
448 4113 644 4178 quamquam
668 4088 828 4175 intelligo,
850 4087 884 4151 in
907 4098 1018 4152 nostra
1039 4085 1175 4153 civitate
1198 4087 1244 4154 in·

112 4202 264 4260 reterssse
285 4195 351 4260 iam
374 4193 467 4258 bonis
496 4192 697 4280 temporibus
723 4201 761 4255 ut
788 4188 943 4276 splendor
970 4187 1174 4254 aedilitatum
1200 4189 1243 4254 ab

113 4295 232 4380 optimis
254 4296 336 4361 viris
360 4294 544 4382 postuletur
565 4294 677 4378 (Sinnr
713 4291 800 4380 quod
822 4312 910 4356 nunc
932 4288 1131 4377 postulatur,
1154 4289 1243 4366 inve-

113 4399 223 4463 teravit
244 4399 308 4464 iam
331 4397 425 4464 bonis
449 4396 675 4484 temporibus).

74 4515 86 4542 ·
190 4497 275 4566 Seu.
297 4523 348 4588 cp.
372 4500 424 4585 79,
446 4499 468 4566 4
491 4521 556 4566 non
578 4508 629 4566 est
656 4498 742 4564 enim
765 4497 852 4584 quod
880 4495 978 4562 istam
999 4515 1111 4562 curam
1138 4493 1243 4581 impu·
