3034 5142
717 451 758 460 ...
801 413 863 477 266
907 451 948 462 ..-

256 570 301 632 ud
334 579 365 632 tc
399 568 529 654 saepius
563 575 755 646 revertetur,
790 567 817 629 si
853 566 914 630 erit
945 567 1014 630 sinc
1048 566 1226 630 acerbitate
1257 571 1401 627 ventura.

263 670 344 736 Sehr
366 669 469 734 salton
499 668 557 732 der
584 668 798 732 Infinitiv:
844 668 913 731 Cic.
946 667 1014 731 Atr.
1043 669 1074 746 5,
1103 667 1154 748 21,
1183 667 1203 729 4
1236 664 1402 729 confirmas

263 793 386 835 moram
410 770 488 834 mibi
512 768 635 833 nullam
657 769 745 852 fore;
768 768 886 833 deindo
910 768 1014 852 addis,
1038 770 1064 831 si
1089 768 1168 853 qnid
1192 789 1296 848 secus,
1320 765 1402 830 tead

263 895 314 936 me
342 873 412 936 fore
445 881 617 936 venturum
645 870 806 955 (offonbar
834 869 985 935 dusselbe
1008 871 1085 935 wie:
1117 891 1180 936 osso
1208 869 1403 952 venturum).

265 973 359 1037 Ganz
391 973 544 1038 nnsieher
576 973 629 1036 bei
663 971 736 1036 Liv.
770 972 799 1050 6,
832 971 885 1053 42,
922 973 960 1034 12
994 971 1139 1036 facturos
1173 972 1268 1052 fore;
1307 967 1405 1054 vcrgl.

266 1074 513 1139 Weissenborn.

350 1175 470 1258 111111
502 1176 620 1240 Paulis.
648 1176 753 1255 staturi
782 1175 851 1238 mit
877 1178 991 1255 suero
1019 1175 1100 1238 wird
1129 1197 1189 1237 nur
1212 1171 1325 1257 belegt
1352 1194 1406 1235 ans

267 1281 341 1343 Seu.
371 1301 421 1365 cp.
450 1279 481 1360 9,
509 1278 546 1341 14
569 1287 601 1341 ct
629 1287 735 1340 tamen
760 1298 829 1341 *non
859 1277 967 1359 vivet,
1003 1277 1030 1338 si
1060 1275 1159 1339 fuerit
1188 1276 1259 1338 sine
1282 1274 1407 1338 homine

266 1379 424 1443 victurus.
470 1379 593 1464 Zumpt
615 1377 792 1443 ubersetzt:
818 1401 911 1442 wenn
935 1377 1001 1440 111111
1024 1377 1077 1441 dic
1095 1377 1323 1461 Bestimrnung
1345 1376 1407 1439 auf-

266 1480 378 1565 crlegt
392 1481 463 1544 sein
485 1480 579 1561 wird,
604 1479 687 1544 ohne
709 1478 928 1544 mensehliche
952 1477 1170 1544 Gesellschalt
1193 1502 1233 1541 zu
1257 1477 1363 1542 leben.

353 1582 387 1668 g)
412 1582 481 1647 Das
507 1579 662 1664 Purlieip.
682 1583 787 1663 saturi
808 1582 869 1644 mit
889 1583 1028 1662 sorem:
1055 1561 1139 1645 Liv.
1163 1581 1193 1659 9,
1220 1581 1269 1661 16,
1295 1581 1314 1643 'l
1338 1601 1407 1665 pars

267 1686 385 1765 altera,
415 1705 487 1748 eum
510 1683 711 1769 praesidium
741 1681 936 1747 Samnitium
961 1721 999 1730 —-
1024 1703 1233 1746 excessurum
1261 1682 1408 1768 proxima

267 1796 363 1851 noete
385 1791 473 1864 esset,
504 1786 673 1849 enuntiare
700 1783 826 1848 eonsuli
856 1784 934 1848 satis
958 1784 1088 1865 habuit,
1113 1807 1178 1869 qua
1205 1783 1314 1847 noctis
1336 1781 1408 1846 hom

274 1927 308 1937 -
334 1909 522 1972 egressurus
546 1885 650 1950 hostis
671 1887 759 1967 soret.
789 1885 858 1948 Dor
880 1881 1055 1949 Verfassor
1076 1884 1142 1950 will
1161 1875 1252 1948 nieht
1267 1882 1408 1949 diesclbe

269 1989 476 2054 Verbalform
506 1985 735 2067 wiederholen,
764 1985 902 2050 deshalb
931 1995 1040 2051 zuerst
1069 1997 1169 2070 esset,
1200 1987 1287 2052 dann
1319 1985 1408 2051 foret.

268 2093 321 2173 22,
350 2092 400 2170 57,
428 2091 449 2156 5
478 2092 596 2154 missus
625 2099 688 2152 est·
708 2088 910 2152 sciscitatum
940 2126 979 2137 —-
1006 2110 1165 2174 quaenam
1198 2089 1315 2152 futura
1341 2088 1408 2151 linis

269 2194 369 2258 tantis
392 2190 541 2257 cladibus
564 2191 659 2255 foret.
683 2190 735 2271 23,
758 2189 810 2270 43,
836 2189 876 2252 14
897 2187 983 2253 nolle
1006 2191 1160 2271 ominari,
1190 2213 1275 2277 quae
1299 2200 1409 2278 eaptao

270 2295 344 2360 urbi
360 2315 475 2358 casura
492 2293 599 2358 forent
615 2296 716 2374 (,‚was
730 2289 789 2354 dcr
803 2290 898 2364 Stadt
909 2289 1126 2355 widerfahrcn
1141 2292 1295 2374 s·erde“).
1321 2291 1410 2357 Eben

271 2417 306 2459 so
328 2395 380 2477 35,
399 2396 438 2458 13
461 2397 489 2459 si
512 2394 591 2480 quid
613 2392 745 2458 adversi
768 2413 919 2456 casurum
941 2391 1036 2458 forat.
1060 2394 1111 2474 25,
1134 2393 1187 2477 24,
1211 2393 1341 2458 Shaud
1357 2391 1408 2455 du·

272 2497 345 2565 bins
374 2496 454 2582 quin
483 2517 605 2582 paucos
635 2531 673 2542 -
706 2493 899 2582 expulsurus
929 2495 1023 2559 forst.
1053 2495 1105 2576 26,
1136 2495 1187 2578 26,
1219 2499 1234 2558 1
1264 2493 1408 2559 eonsules

270 2597 443 2662 bellicosos
468 2635 506 2644 —
529 2599 584 2682 qui
608 2594 660 2660 vel
684 2598 716 2660 in
740 2617 820 2682 paee
842 2596 1017 2682 tranquilla
1031 2595 1153 2662 bellum
1177 2599 1321 2662 exeitare
1342 2619 1409 2684 pos·

272 2710 362 2780 sent,
394 2699 513 2792 nedum
548 2699 582 2761 in
614 2697 699 2763 bello
734 2698 896 2784 respirare
940 2698 1108 2763 civitatem
1145 2699 1255 2764 forent
1277 2697 1409 2784 passuri.

271 2803 323 2883 30,
353 2803 373 2864 2
402 2802 560 2866 incertum
588 2811 672 2880 erat,
706 2823 769 2886 quo
805 2801 935 2864 missuri
969 2799 1103 2864 classem
1127 2800 1408 2886 Carthaginienses

273 2905 390 2972 forent.

355 3006 488 3092 Nepos
514 3005 564 3086 10,
588 3005 618 3082 8,
641 3003 661 3066 2
683 3002 770 3090 quod
792 3003 916 3094 inimici
946 3003 1016 3078 eius
1040 3001 1213 3068 dissidenti
1244 3026 1319 3068 suos
1342 3025 1406 3066 scn-

274 3131 328 3174 sus
352 3108 498 3193 aperturi
521 3105 639 3170 forent.

358 3209 409 3273 Ob
433 3208 486 3272 die
502 3208 600 3272 Form
621 3205 704 3269 atich
726 3207 780 3271 bei
798 3207 922 3271 andern
937 3205 1197 3272 Seluiftstellern
1219 3203 1406 3286 vorkornmt

273 3310 317 3373 ist
341 3309 389 3373 bis
409 3311 495 3396 jetzt
517 3308 606 3372 nicht
628 3307 885 3393 naebgewiesen.
944 3333 949 3342 ·

359 3415 389 3492 ἓ.
417 3410 485 3474 141.
530 3409 599 3473 Das
623 3409 819 3474 Futurum
843 3409 878 3474 II
909 3408 1011 3474 bildet
1034 3411 1145 3474 scinen
1168 3409 1408 3498 Cbnjunetiu

273 3513 307 3575 in
330 3513 388 3576 der
410 3509 511 3596 Regel
535 3513 593 3576 11111
616 3511 718 3576 H'dlfe
740 3512 797 3574 des
822 3511 910 3595 Coaj.
929 3512 1074 3596 perfecti,
1105 3534 1140 3575 so
1163 3510 1241 3575 dass
1270 3510 1337 3576 also
1359 3509 1407 3572 dic

274 3613 470 3696 Bedeutung
503 3613 561 3677 der
594 3613 689 3677 Form
729 3613 776 3676 als
812 3612 986 3677 Ausdruck
1023 3613 1076 3677 fm-
1112 3614 1184 3677 eine
1221 3611 1407 3695 zukiinstigc

274 3715 453 3799 Handlung
485 3736 546 3778 nor
579 3736 637 3777 aus
671 3715 744 3779 dem
773 3713 979 3800 Hauptsatze
1014 3737 1053 3778 zu
1089 3713 1225 3779 ersehen
1254 3717 1305 3780 ist.
1348 3713 1406 3778 Dic

274 3825 382 3881 ersten
406 3817 533 3900 Spurcn
557 3815 663 3880 daven
687 3815 795 3880 finden
826 3815 895 3880 sich
923 3817 977 3881 bei
1005 3817 1172 3880 Terens:
1205 3815 1309 3880 Andr.
1333 3819 1359 3898 1,
1379 3813 1405 3889 2,

274 3917 315 3981 29
338 3927 370 3981 to
392 3919 426 3980 in
450 3917 638 4004 pistrinum,
662 3918 774 3999 Dave,
805 3916 920 3982 dedam
951 3956 992 3966 -
1022 3939 1060 3981 ea
1082 3916 1154 4003 lege
1177 3926 1275 4004 atque
1297 3918 1403 3990 omine,

274 4030 320 4101 ut,
345 4019 374 4082 si
398 4028 428 4082 te
452 4017 528 4083 inde
551 4021 742 4101 exemerim,
767 4042 832 4104 ego
855 4043 913 4107 pro
937 4030 968 4084 tc
991 4017 1121 4082 molam.
1150 4019 1180 4100 2,
1204 4019 1235 4100 2,
1258 4021 1277 4082 4
1301 4019 1404 4084 sliam

274 4121 416 4185 audierit
437 4119 499 4184 sibi
523 4129 655 4206 paratas
679 4123 822 4204 nuptias.
846 4123 876 4205 3,
899 4123 930 4203 2,
956 4122 995 4184 14
1018 4132 1053 4185 ut
1076 4121 1175 4186 metui
1191 4119 1305 4208 videar
1319 4129 1404 4192 certe,

275 4221 303 4286 si
337 4222 538 4286 resciverim.
584 4223 646 4286 Ad.
674 4223 712 4305 2,
745 4224 778 4304 1,
812 4223 846 4286 11
881 4224 910 4286 si
939 4223 1111 4287 innuerim.
1157 4221 1263 4308 (Ns-eli
1298 4219 1405 4286 Holtzc

275 4321 322 4405 11,
347 4323 410 4405 19.)

362 4423 506 4489 Cicero
535 4427 631 4490 Rosc.
661 4427 736 4488 Am.
761 4405 817 4509 '44‚
850 4427 910 4490 128
939 4425 1035 4491 facile
1063 4434 1241 4512 egestatem
1268 4447 1354 4489 suam
1374 4439 1403 4484 se

276 4525 417 4590 laturum
450 4537 559 4611 putat,
595 4529 621 4591 si
655 4527 716 4592 hac
743 4528 879 4614 indigna
907 4528 1087 4614 suspitione
1115 4539 1148 4594 et
1173 4528 1250 4594 licto
1281 4524 1402 4590 erimine
