<?xml version="1.0" encoding="UTF-8"?>
<!DOCTYPE html PUBLIC "-//W3C//DTD XHTML 1.0 Transitional//EN"
    "http://www.w3.org/TR/xhtml1/DTD/xhtml1-transitional.dtd">
<html xmlns="http://www.w3.org/1999/xhtml" xml:lang="en" lang="en">
 <head>
  <title>
</title>
<meta http-equiv="Content-Type" content="text/html;charset=utf-8" />
  <meta name='ocr-system' content='tesseract 3.04.00' />
  <meta name='ocr-capabilities' content='ocr_page ocr_carea ocr_par ocr_line ocrx_word'/>
</head>
<body>
  <div class='ocr_page' id='page_1' title='image "./historischesynt04draegoog/historischesynt04draegoog_0298.png"; bbox 0 0 3034 5142; ppageno 0'>
   <div class='ocr_carea' id='block_1_1' title="bbox 748 395 980 464">
    <p class='ocr_par' dir='ltr' id='par_1_1' title="bbox 748 395 980 464">
     <span class='ocr_line' id='line_1_1' title="bbox 748 395 980 464; baseline 0.009 -2"><span class='ocrx_word' id='word_1_1' title='bbox 748 395 980 464; x_wconf 82' lang='lat'>-258-</span> 
     </span>
    </p>
   </div>
   <div class='ocr_carea' id='block_1_2' title="bbox 291 549 1427 742">
    <p class='ocr_par' dir='ltr' id='par_1_2' title="bbox 291 549 1427 742">
     <span class='ocr_line' id='line_1_2' title="bbox 291 549 1427 638; baseline -0.003 -19"><span class='ocrx_word' id='word_1_2' title='bbox 291 551 411 620; x_wconf 84' lang='lat' dir='ltr'><strong>Holtze</strong></span> <span class='ocrx_word' id='word_1_3' title='bbox 434 549 497 638; x_wconf 86' lang='grc' dir='ltr'>(ΙΙ,</span> <span class='ocrx_word' id='word_1_4' title='bbox 521 551 596 616; x_wconf 80' lang='lat'><em>82·-</em></span> <span class='ocrx_word' id='word_1_5' title='bbox 606 550 662 636; x_wconf 85' lang='lat'><strong>88)</strong></span> <span class='ocrx_word' id='word_1_6' title='bbox 685 550 829 635; x_wconf 81' lang='lat' dir='ltr'><strong>anitihrt,</strong></span> <span class='ocrx_word' id='word_1_7' title='bbox 854 575 882 616; x_wconf 83' lang='lat' dir='ltr'><strong>z.</strong></span> <span class='ocrx_word' id='word_1_8' title='bbox 900 549 939 616; x_wconf 90' lang='lat' dir='ltr'><strong>B.</strong></span> <span class='ocrx_word' id='word_1_9' title='bbox 962 572 1021 616; x_wconf 84' lang='lat' dir='ltr'><strong>aus</strong></span> <span class='ocrx_word' id='word_1_10' title='bbox 1037 549 1232 617; x_wconf 84' lang='lat' dir='ltr'><strong>Naevius:</strong></span> <span class='ocrx_word' id='word_1_11' title='bbox 1257 554 1427 618; x_wconf 84' lang='lat' dir='ltr'><strong>currenteis</strong></span> 
     </span>
     <span class='ocr_line' id='line_1_3' title="bbox 291 653 1427 742; baseline -0.003 -21"><span class='ocrx_word' id='word_1_12' title='bbox 291 676 351 742; x_wconf 88' lang='lat' dir='ltr'><strong>ego</strong></span> <span class='ocrx_word' id='word_1_13' title='bbox 373 655 446 719; x_wconf 90' lang='lat' dir='ltr'><strong>illos</strong></span> <span class='ocrx_word' id='word_1_14' title='bbox 470 653 611 718; x_wconf 88' lang='lat' dir='ltr'><strong>vendam</strong></span> <span class='ocrx_word' id='word_1_15' title='bbox 633 689 675 702; x_wconf 90' lang='lat'><em>-</em></span> <span class='ocrx_word' id='word_1_16' title='bbox 696 654 761 717; x_wconf 89' lang='lat' dir='ltr'><strong>nisi</strong></span> <span class='ocrx_word' id='word_1_17' title='bbox 784 663 819 718; x_wconf 88' lang='grc'><strong>10</strong></span> <span class='ocrx_word' id='word_1_18' title='bbox 842 653 969 718; x_wconf 82' lang='lat' dir='ltr'><strong>viceris.</strong></span> <span class='ocrx_word' id='word_1_19' title='bbox 1004 653 1104 718; x_wconf 83' lang='lat' dir='ltr'><strong>Cato</strong></span> <span class='ocrx_word' id='word_1_20' title='bbox 1126 675 1153 718; x_wconf 93' lang='lat' dir='ltr'><strong>r.</strong></span> <span class='ocrx_word' id='word_1_21' title='bbox 1175 675 1202 717; x_wconf 86' lang='lat' dir='ltr'><strong>r.</strong></span> <span class='ocrx_word' id='word_1_22' title='bbox 1225 653 1427 720; x_wconf 83' lang='grc'>2000100-</span> 
     </span>
    </p>
   </div>
   <div class='ocr_carea' id='block_1_3' title="bbox 290 753 1510 845">
    <p class='ocr_par' dir='ltr' id='par_1_3' title="bbox 290 753 1510 845">
     <span class='ocr_line' id='line_1_4' title="bbox 290 753 1510 845; baseline -0.004 -22"><span class='ocrx_word' id='word_1_23' title='bbox 290 767 435 845; x_wconf 89' lang='lat' dir='ltr'><strong>pestates</strong></span> <span class='ocrx_word' id='word_1_24' title='bbox 458 754 589 842; x_wconf 89' lang='lat' dir='ltr'><strong>pluviae</strong></span> <span class='ocrx_word' id='word_1_25' title='bbox 611 753 741 835; x_wconf 87' lang='lat' dir='ltr'><strong>fuerint,</strong></span> <span class='ocrx_word' id='word_1_26' title='bbox 766 755 888 836; x_wconf 87' lang='lat' dir='ltr'><strong>videto,</strong></span> <span class='ocrx_word' id='word_1_27' title='bbox 912 765 990 841; x_wconf 86' lang='lat' dir='ltr'><strong>quot</strong></span> <span class='ocrx_word' id='word_1_28' title='bbox 1012 755 1082 819; x_wconf 88' lang='lat' dir='ltr'><strong>dies</strong></span> <span class='ocrx_word' id='word_1_29' title='bbox 1105 775 1232 840; x_wconf 86' lang='lat' dir='ltr'><strong>quaeve</strong></span> <span class='ocrx_word' id='word_1_30' title='bbox 1257 777 1356 842; x_wconf 88' lang='lat' dir='ltr'><strong>opera</strong></span> <span class='ocrx_word' id='word_1_31' title='bbox 1376 777 1428 842; x_wconf 89' lang='lat' dir='ltr'><strong>per</strong></span> <span class='ocrx_word' id='word_1_32' title='bbox 1509 815 1510 828; x_wconf 67' lang='grc'>,</span> 
     </span>
    </p>
   </div>
   <div class='ocr_carea' id='block_1_4' title="bbox 290 855 1428 1044">
    <p class='ocr_par' dir='ltr' id='par_1_4' title="bbox 290 855 1428 1044">
     <span class='ocr_line' id='line_1_5' title="bbox 290 855 1427 942; baseline -0.003 -20"><span class='ocrx_word' id='word_1_33' title='bbox 290 859 428 924; x_wconf 87' lang='lat' dir='ltr'><strong>imbrem</strong></span> <span class='ocrx_word' id='word_1_34' title='bbox 450 855 520 920; x_wconf 90' lang='lat' dir='ltr'><strong>fieri</strong></span> <span class='ocrx_word' id='word_1_35' title='bbox 541 857 718 941; x_wconf 87' lang='lat' dir='ltr'><strong>potuerint.</strong></span> <span class='ocrx_word' id='word_1_36' title='bbox 747 877 797 942; x_wconf 89' lang='lat' dir='ltr'><strong>op.</strong></span> <span class='ocrx_word' id='word_1_37' title='bbox 820 857 842 920; x_wconf 90' lang='grc'>4</span> <span class='ocrx_word' id='word_1_38' title='bbox 864 856 890 918; x_wconf 89' lang='lat' dir='ltr'><strong>si</strong></span> <span class='ocrx_word' id='word_1_39' title='bbox 918 857 966 920; x_wconf 89' lang='lat' dir='ltr'><strong>ita</strong></span> <span class='ocrx_word' id='word_1_40' title='bbox 988 855 1120 937; x_wconf 82' lang='lat' dir='ltr'><strong>feceris,</strong></span> <span class='ocrx_word' id='word_1_41' title='bbox 1150 855 1314 942; x_wconf 82' lang='lat' dir='ltr'><strong>pabulum</strong></span> <span class='ocrx_word' id='word_1_42' title='bbox 1333 857 1427 922; x_wconf 88' lang='lat' dir='ltr'><strong>boves</strong></span> 
     </span>
     <span class='ocr_line' id='line_1_6' title="bbox 290 947 1428 1044; baseline -0.002 -20"><span class='ocrx_word' id='word_1_43' title='bbox 290 981 356 1024; x_wconf 91' lang='lat' dir='ltr'><strong>non</strong></span> <span class='ocrx_word' id='word_1_44' title='bbox 379 958 519 1022; x_wconf 80' lang='lat' dir='ltr'><strong>eiicient.</strong></span> <span class='ocrx_word' id='word_1_45' title='bbox 544 977 595 1044; x_wconf 85' lang='lat' dir='ltr'><strong>cp.</strong></span> <span class='ocrx_word' id='word_1_46' title='bbox 617 959 638 1021; x_wconf 83' lang='lat'>5</span> <span class='ocrx_word' id='word_1_47' title='bbox 661 958 688 1022; x_wconf 86' lang='lat' dir='ltr'><strong>si</strong></span> <span class='ocrx_word' id='word_1_48' title='bbox 710 977 826 1044; x_wconf 85' lang='lat' dir='ltr'><strong>passus</strong></span> <span class='ocrx_word' id='word_1_49' title='bbox 850 958 927 1039; x_wconf 90' lang='lat' dir='ltr'><strong>erit,</strong></span> <span class='ocrx_word' id='word_1_50' title='bbox 955 956 1106 1022; x_wconf 87' lang='lat' dir='ltr'><strong>dominns</strong></span> <span class='ocrx_word' id='word_1_51' title='bbox 1129 947 1262 1044; x_wconf 87' lang='lat' dir='ltr'><strong>impune</strong></span> <span class='ocrx_word' id='word_1_52' title='bbox 1285 981 1326 1022; x_wconf 93' lang='lat' dir='ltr'><strong>ne</strong></span> <span class='ocrx_word' id='word_1_53' title='bbox 1346 959 1428 1022; x_wconf 82' lang='lat' dir='ltr'><strong>sinat</strong></span> 
     </span>
    </p>
   </div>
   <div class='ocr_carea' id='block_1_5' title="bbox 292 1057 1510 1146">
    <p class='ocr_par' dir='ltr' id='par_1_5' title="bbox 292 1057 1510 1146">
     <span class='ocr_line' id='line_1_7' title="bbox 292 1057 1510 1146; baseline -0.002 -21"><span class='ocrx_word' id='word_1_54' title='bbox 292 1081 373 1126; x_wconf 89' lang='lat' dir='ltr'><strong>esse.</strong></span> <span class='ocrx_word' id='word_1_55' title='bbox 397 1081 447 1146; x_wconf 88' lang='lat' dir='ltr'><strong>ep.</strong></span> <span class='ocrx_word' id='word_1_56' title='bbox 472 1059 513 1123; x_wconf 90' lang='grc'><strong>96</strong></span> <span class='ocrx_word' id='word_1_57' title='bbox 536 1069 651 1144; x_wconf 86' lang='lat' dir='ltr'><strong>postea</strong></span> <span class='ocrx_word' id='word_1_58' title='bbox 673 1079 746 1121; x_wconf 87' lang='lat' dir='ltr'><strong>eum</strong></span> <span class='ocrx_word' id='word_1_59' title='bbox 769 1057 968 1138; x_wconf 87' lang='lat' dir='ltr'><strong>detonderis,</strong></span> <span class='ocrx_word' id='word_1_60' title='bbox 989 1060 1127 1144; x_wconf 87' lang='lat' dir='ltr'><strong>unguito</strong></span> <span class='ocrx_word' id='word_1_61' title='bbox 1150 1069 1246 1141; x_wconf 89' lang='lat' dir='ltr'><strong>totas,</strong></span> <span class='ocrx_word' id='word_1_62' title='bbox 1269 1059 1337 1124; x_wconf 88' lang='lat' dir='ltr'><strong>und</strong></span> <span class='ocrx_word' id='word_1_63' title='bbox 1357 1059 1429 1124; x_wconf 77' lang='lat' dir='ltr'><strong>sehr</strong></span> <span class='ocrx_word' id='word_1_64' title='bbox 1509 1061 1510 1114; x_wconf 65' lang='lat' dir='ltr'><strong>i</strong></span> 
     </span>
    </p>
   </div>
   <div class='ocr_carea' id='block_1_6' title="bbox 290 1157 1431 1958">
    <p class='ocr_par' dir='ltr' id='par_1_6' title="bbox 290 1157 1431 1958">
     <span class='ocr_line' id='line_1_8' title="bbox 291 1157 1429 1246; baseline -0.002 -19"><span class='ocrx_word' id='word_1_65' title='bbox 291 1163 341 1228; x_wconf 85' lang='grc'><strong>011</strong></span> <span class='ocrx_word' id='word_1_66' title='bbox 370 1161 424 1226; x_wconf 89' lang='grc'><strong>501</strong></span> <span class='ocrx_word' id='word_1_67' title='bbox 453 1158 650 1225; x_wconf 89' lang='lat' dir='ltr'><strong>demselhen.</strong></span> <span class='ocrx_word' id='word_1_68' title='bbox 695 1157 829 1225; x_wconf 89' lang='lat' dir='ltr'><strong>Plaut.</strong></span> <span class='ocrx_word' id='word_1_69' title='bbox 858 1160 978 1246; x_wconf 87' lang='lat' dir='ltr'><strong>Amph.</strong></span> <span class='ocrx_word' id='word_1_70' title='bbox 1012 1163 1038 1243; x_wconf 98' lang='lat' dir='ltr'><strong>l,</strong></span> <span class='ocrx_word' id='word_1_71' title='bbox 1069 1162 1098 1241; x_wconf 91' lang='lat'><strong>1,</strong></span> <span class='ocrx_word' id='word_1_72' title='bbox 1125 1161 1168 1223; x_wconf 91' lang='grc'><strong>42</strong></span> <span class='ocrx_word' id='word_1_73' title='bbox 1190 1159 1371 1226; x_wconf 86' lang='lat' dir='ltr'><strong>meditabor</strong></span> <span class='ocrx_word' id='word_1_74' title='bbox 1393 1197 1429 1208; x_wconf 89' lang='lat'>—</span> 
     </span>
     <span class='ocr_line' id='line_1_9' title="bbox 291 1260 1431 1351; baseline -0.002 -22"><span class='ocrx_word' id='word_1_75' title='bbox 291 1285 388 1351; x_wconf 92' lang='lat' dir='ltr'><strong>quom</strong></span> <span class='ocrx_word' id='word_1_76' title='bbox 409 1261 466 1327; x_wconf 92' lang='lat' dir='ltr'><strong>illo</strong></span> <span class='ocrx_word' id='word_1_77' title='bbox 488 1261 662 1326; x_wconf 77' lang='lat' dir='ltr'>advenero.</span> <span class='ocrx_word' id='word_1_78' title='bbox 708 1260 810 1326; x_wconf 84' lang='lat' dir='ltr'><strong>Stich.</strong></span> <span class='ocrx_word' id='word_1_79' title='bbox 832 1261 905 1326; x_wconf 89' lang='grc'>436.</span> <span class='ocrx_word' id='word_1_80' title='bbox 929 1262 1002 1326; x_wconf 93' lang='grc'>717.</span> <span class='ocrx_word' id='word_1_81' title='bbox 1026 1262 1089 1326; x_wconf 88' lang='grc'><strong>759</strong></span> <span class='ocrx_word' id='word_1_82' title='bbox 1112 1260 1158 1347; x_wconf 84' lang='lat' dir='ltr'><strong>fg.</strong></span> <span class='ocrx_word' id='word_1_83' title='bbox 1174 1263 1247 1327; x_wconf 92' lang='grc'>770.</span> <span class='ocrx_word' id='word_1_84' title='bbox 1271 1262 1356 1327; x_wconf 87' lang='lat' dir='ltr'><strong>Rud.</strong></span> <span class='ocrx_word' id='word_1_85' title='bbox 1371 1263 1431 1328; x_wconf 84' lang='grc'><strong>755</strong></span> 
     </span>
     <span class='ocr_line' id='line_1_10' title="bbox 290 1361 1431 1450; baseline -0.002 -20"><span class='ocrx_word' id='word_1_86' title='bbox 290 1364 359 1430; x_wconf 87' lang='lat' dir='ltr'><strong>und</strong></span> <span class='ocrx_word' id='word_1_87' title='bbox 381 1363 477 1429; x_wconf 75' lang='lat' dir='ltr'><strong>bites.</strong></span> <span class='ocrx_word' id='word_1_88' title='bbox 514 1363 577 1427; x_wconf 90' lang='lat' dir='ltr'><strong>Mit</strong></span> <span class='ocrx_word' id='word_1_89' title='bbox 599 1362 695 1426; x_wconf 87' lang='lat' dir='ltr'><strong>Pers</strong></span> <span class='ocrx_word' id='word_1_90' title='bbox 700 1372 761 1426; x_wconf 87' lang='lat' dir='ltr'><strong>eet</strong></span> <span class='ocrx_word' id='word_1_91' title='bbox 783 1363 828 1426; x_wconf 89' lang='lat' dir='ltr'><strong>im</strong></span> <span class='ocrx_word' id='word_1_92' title='bbox 844 1361 1065 1448; x_wconf 78' lang='lat' dir='ltr'><strong>Hauptsatze:</strong></span> <span class='ocrx_word' id='word_1_93' title='bbox 1089 1385 1121 1427; x_wconf 89' lang='lat' dir='ltr'><strong>v.</strong></span> <span class='ocrx_word' id='word_1_94' title='bbox 1142 1363 1202 1428; x_wconf 89' lang='grc'><strong>164</strong></span> <span class='ocrx_word' id='word_1_95' title='bbox 1224 1365 1319 1450; x_wconf 87' lang='lat' dir='ltr'><strong>perii,</strong></span> <span class='ocrx_word' id='word_1_96' title='bbox 1342 1365 1368 1428; x_wconf 91' lang='lat' dir='ltr'><strong>si</strong></span> <span class='ocrx_word' id='word_1_97' title='bbox 1382 1387 1431 1428; x_wconf 88' lang='lat' dir='ltr'><strong>me</strong></span> 
     </span>
     <span class='ocr_line' id='line_1_11' title="bbox 290 1463 1430 1555; baseline -0.003 -24"><span class='ocrx_word' id='word_1_98' title='bbox 290 1466 467 1555; x_wconf 88' lang='lat' dir='ltr'><strong>aspexerit.</strong></span> <span class='ocrx_word' id='word_1_99' title='bbox 490 1487 523 1528; x_wconf 88' lang='lat' dir='ltr'><strong>v.</strong></span> <span class='ocrx_word' id='word_1_100' title='bbox 545 1463 608 1528; x_wconf 92' lang='grc'><strong>272</strong></span> <span class='ocrx_word' id='word_1_101' title='bbox 631 1466 737 1528; x_wconf 88' lang='lat' dir='ltr'><strong>vietus</strong></span> <span class='ocrx_word' id='word_1_102' title='bbox 760 1485 841 1544; x_wconf 82' lang='lat' dir='ltr'><strong>sum,</strong></span> <span class='ocrx_word' id='word_1_103' title='bbox 865 1464 893 1526; x_wconf 88' lang='lat' dir='ltr'><strong>si</strong></span> <span class='ocrx_word' id='word_1_104' title='bbox 915 1464 1047 1528; x_wconf 85' lang='lat' dir='ltr'><strong>dixeris.</strong></span> <span class='ocrx_word' id='word_1_105' title='bbox 1088 1465 1150 1530; x_wconf 87' lang='lat' dir='ltr'><strong>Mit</strong></span> <span class='ocrx_word' id='word_1_106' title='bbox 1171 1465 1368 1530; x_wconf 75' lang='lat' dir='ltr'>Praesens</span> <span class='ocrx_word' id='word_1_107' title='bbox 1388 1467 1430 1528; x_wconf 90' lang='lat' dir='ltr'><strong>im</strong></span> 
     </span>
     <span class='ocr_line' id='line_1_12' title="bbox 290 1565 1430 1655; baseline -0.005 -21"><span class='ocrx_word' id='word_1_108' title='bbox 290 1568 512 1655; x_wconf 78' lang='lat' dir='ltr'><strong>Hauptsatze:</strong></span> <span class='ocrx_word' id='word_1_109' title='bbox 536 1565 635 1629; x_wconf 87' lang='lat' dir='ltr'><strong>Poen.</strong></span> <span class='ocrx_word' id='word_1_110' title='bbox 658 1567 690 1646; x_wconf 87' lang='lat'><strong>3,</strong></span> <span class='ocrx_word' id='word_1_111' title='bbox 712 1567 744 1648; x_wconf 86' lang='lat'><strong>3,</strong></span> <span class='ocrx_word' id='word_1_112' title='bbox 766 1565 808 1630; x_wconf 92' lang='grc'><strong>58</strong></span> <span class='ocrx_word' id='word_1_113' title='bbox 830 1587 889 1629; x_wconf 88' lang='lat' dir='ltr'><strong>rex</strong></span> <span class='ocrx_word' id='word_1_114' title='bbox 912 1585 994 1646; x_wconf 84' lang='lat' dir='ltr'><strong>sum,</strong></span> <span class='ocrx_word' id='word_1_115' title='bbox 1017 1567 1044 1629; x_wconf 85' lang='lat' dir='ltr'><strong>si</strong></span> <span class='ocrx_word' id='word_1_116' title='bbox 1068 1589 1129 1650; x_wconf 87' lang='lat' dir='ltr'><strong>ego</strong></span> <span class='ocrx_word' id='word_1_117' title='bbox 1152 1565 1253 1630; x_wconf 88' lang='lat' dir='ltr'><strong>illuno</strong></span> <span class='ocrx_word' id='word_1_118' title='bbox 1274 1565 1371 1632; x_wconf 89' lang='lat' dir='ltr'><strong>hodie</strong></span> <span class='ocrx_word' id='word_1_119' title='bbox 1390 1566 1430 1630; x_wconf 88' lang='lat' dir='ltr'><strong>ad</strong></span> 
     </span>
     <span class='ocr_line' id='line_1_13' title="bbox 290 1655 1429 1752; baseline -0.004 -18"><span class='ocrx_word' id='word_1_120' title='bbox 290 1693 342 1734; x_wconf 91' lang='lat' dir='ltr'><strong>me</strong></span> <span class='ocrx_word' id='word_1_121' title='bbox 373 1655 536 1734; x_wconf 87' lang='lat' dir='ltr'><strong>hominem</strong></span> <span class='ocrx_word' id='word_1_122' title='bbox 563 1666 727 1732; x_wconf 84' lang='lat' dir='ltr'><strong>adlexero.</strong></span> <span class='ocrx_word' id='word_1_123' title='bbox 772 1667 858 1732; x_wconf 88' lang='lat' dir='ltr'><strong>Rud.</strong></span> <span class='ocrx_word' id='word_1_124' title='bbox 884 1669 912 1747; x_wconf 88' lang='lat'><strong>1,</strong></span> <span class='ocrx_word' id='word_1_125' title='bbox 935 1667 965 1752; x_wconf 86' lang='grc'><strong>2,</strong></span> <span class='ocrx_word' id='word_1_126' title='bbox 989 1667 1030 1732; x_wconf 93' lang='grc'><strong>79</strong></span> <span class='ocrx_word' id='word_1_127' title='bbox 1053 1666 1164 1731; x_wconf 83' lang='lat' dir='ltr'><strong>salvae</strong></span> <span class='ocrx_word' id='word_1_128' title='bbox 1191 1677 1282 1748; x_wconf 89' lang='lat' dir='ltr'><strong>sunt,</strong></span> <span class='ocrx_word' id='word_1_129' title='bbox 1311 1669 1339 1732; x_wconf 92' lang='lat' dir='ltr'><strong>si</strong></span> <span class='ocrx_word' id='word_1_130' title='bbox 1361 1667 1429 1733; x_wconf 86' lang='lat' dir='ltr'><strong>illos</strong></span> 
     </span>
     <span class='ocr_line' id='line_1_14' title="bbox 292 1767 1429 1851; baseline -0.004 -15"><span class='ocrx_word' id='word_1_131' title='bbox 292 1771 408 1836; x_wconf 87' lang='lat' dir='ltr'><strong>fluetus</strong></span> <span class='ocrx_word' id='word_1_132' title='bbox 431 1768 663 1834; x_wconf 75' lang='lat' dir='ltr'><strong>devitaverint.</strong></span> <span class='ocrx_word' id='word_1_133' title='bbox 707 1767 805 1832; x_wconf 80' lang='lat' dir='ltr'><strong>Troo.</strong></span> <span class='ocrx_word' id='word_1_134' title='bbox 827 1770 858 1851; x_wconf 92' lang='lat'><strong>4,</strong></span> <span class='ocrx_word' id='word_1_135' title='bbox 880 1769 912 1850; x_wconf 90' lang='lat'><strong>4,</strong></span> <span class='ocrx_word' id='word_1_136' title='bbox 935 1769 987 1834; x_wconf 88' lang='grc'><strong>23.</strong></span> <span class='ocrx_word' id='word_1_137' title='bbox 1017 1769 1115 1834; x_wconf 81' lang='lat' dir='ltr'><strong>Cato</strong></span> <span class='ocrx_word' id='word_1_138' title='bbox 1138 1792 1163 1833; x_wconf 94' lang='lat' dir='ltr'><strong>r.</strong></span> <span class='ocrx_word' id='word_1_139' title='bbox 1181 1776 1214 1834; x_wconf 84' lang='lat' dir='ltr'><strong>r.</strong></span> <span class='ocrx_word' id='word_1_140' title='bbox 1239 1769 1301 1834; x_wconf 88' lang='lat' dir='ltr'><strong>lsi</strong></span> <span class='ocrx_word' id='word_1_141' title='bbox 1319 1770 1429 1833; x_wconf 91' lang='lat' dir='ltr'><strong>emeris</strong></span> 
     </span>
     <span class='ocr_line' id='line_1_15' title="bbox 291 1871 994 1958; baseline -0.004 -21"><span class='ocrx_word' id='word_1_142' title='bbox 291 1874 406 1958; x_wconf 84' lang='lat' dir='ltr'><strong>iugera</strong></span> <span class='ocrx_word' id='word_1_143' title='bbox 428 1871 501 1957; x_wconf 86' lang='lat' dir='ltr'><strong>agri</strong></span> <span class='ocrx_word' id='word_1_144' title='bbox 523 1879 660 1948; x_wconf 88' lang='lat' dir='ltr'><strong>eentum,</strong></span> <span class='ocrx_word' id='word_1_145' title='bbox 685 1871 784 1934; x_wconf 88' lang='lat' dir='ltr'><strong>vinea</strong></span> <span class='ocrx_word' id='word_1_146' title='bbox 805 1879 856 1934; x_wconf 88' lang='lat' dir='ltr'><strong>est</strong></span> <span class='ocrx_word' id='word_1_147' title='bbox 878 1871 994 1955; x_wconf 90' lang='lat' dir='ltr'><strong>prima.</strong></span> 
     </span>
    </p>
   </div>
   <div class='ocr_carea' id='block_1_7' title="bbox 290 2022 1431 3410">
    <p class='ocr_par' dir='ltr' id='par_1_7' title="bbox 290 2022 1431 3410">
     <span class='ocr_line' id='line_1_16' title="bbox 376 2022 1429 2110; baseline -0.003 -21"><span class='ocrx_word' id='word_1_148' title='bbox 376 2023 594 2089; x_wconf 78' lang='lat' dir='ltr'><strong>Mustersatze</strong></span> <span class='ocrx_word' id='word_1_149' title='bbox 615 2045 675 2088; x_wconf 89' lang='lat' dir='ltr'><strong>ans</strong></span> <span class='ocrx_word' id='word_1_150' title='bbox 691 2022 934 2088; x_wconf 84' lang='lat' dir='ltr'><strong>Klasaikern</strong></span> <span class='ocrx_word' id='word_1_151' title='bbox 957 2023 1024 2088; x_wconf 89' lang='lat' dir='ltr'><strong>und</strong></span> <span class='ocrx_word' id='word_1_152' title='bbox 1042 2023 1254 2110; x_wconf 72' lang='lat' dir='ltr'><strong>Spateren:</strong></span> <span class='ocrx_word' id='word_1_153' title='bbox 1279 2023 1360 2090; x_wconf 76' lang='lat' dir='ltr'><strong>cio.</strong></span> <span class='ocrx_word' id='word_1_154' title='bbox 1382 2025 1429 2090; x_wconf 85' lang='lat' dir='ltr'><strong>off.</strong></span> 
     </span>
     <span class='ocr_line' id='line_1_17' title="bbox 291 2122 1429 2213; baseline -0.003 -22"><span class='ocrx_word' id='word_1_155' title='bbox 291 2128 320 2210; x_wconf 87' lang='lat'><strong>3,</strong></span> <span class='ocrx_word' id='word_1_156' title='bbox 347 2127 384 2191; x_wconf 88' lang='grc'><strong>18</strong></span> <span class='ocrx_word' id='word_1_157' title='bbox 407 2128 463 2213; x_wconf 90' lang='lat' dir='ltr'><strong>qui</strong></span> <span class='ocrx_word' id='word_1_158' title='bbox 484 2124 546 2190; x_wconf 85' lang='lat' dir='ltr'><strong>hoo</strong></span> <span class='ocrx_word' id='word_1_159' title='bbox 566 2148 632 2190; x_wconf 88' lang='lat' dir='ltr'><strong>non</strong></span> <span class='ocrx_word' id='word_1_160' title='bbox 654 2125 846 2211; x_wconf 82' lang='lat' dir='ltr'><strong>providerit,</strong></span> <span class='ocrx_word' id='word_1_161' title='bbox 869 2122 911 2189; x_wconf 87' lang='lat' dir='ltr'><strong>ab</strong></span> <span class='ocrx_word' id='word_1_162' title='bbox 934 2123 994 2189; x_wconf 88' lang='lat' dir='ltr'><strong>hoe</strong></span> <span class='ocrx_word' id='word_1_163' title='bbox 1008 2123 1098 2188; x_wconf 88' lang='lat' dir='ltr'><strong>nulla</strong></span> <span class='ocrx_word' id='word_1_164' title='bbox 1112 2124 1204 2191; x_wconf 87' lang='lat' dir='ltr'><strong>fraus</strong></span> <span class='ocrx_word' id='word_1_165' title='bbox 1219 2125 1337 2189; x_wconf 88' lang='lat' dir='ltr'><strong>aberit.</strong></span> <span class='ocrx_word' id='word_1_166' title='bbox 1360 2125 1429 2190; x_wconf 85' lang='lat' dir='ltr'><strong>iam.</strong></span> 
     </span>
     <span class='ocr_line' id='line_1_18' title="bbox 290 2224 1430 2314; baseline -0.003 -22"><span class='ocrx_word' id='word_1_167' title='bbox 290 2229 322 2314; x_wconf 87' lang='lat'><strong>3,</strong></span> <span class='ocrx_word' id='word_1_168' title='bbox 344 2229 364 2292; x_wconf 88' lang='lat'><strong>3</strong></span> <span class='ocrx_word' id='word_1_169' title='bbox 387 2226 549 2314; x_wconf 87' lang='lat' dir='ltr'><strong>quidquid</strong></span> <span class='ocrx_word' id='word_1_170' title='bbox 571 2225 704 2308; x_wconf 81' lang='lat' dir='ltr'><strong>feceris,</strong></span> <span class='ocrx_word' id='word_1_171' title='bbox 733 2224 934 2314; x_wconf 78' lang='lat' dir='ltr'><strong>approbabo</strong></span> <span class='ocrx_word' id='word_1_172' title='bbox 964 2227 1014 2307; x_wconf 88' lang='lat'><strong>10,</strong></span> <span class='ocrx_word' id='word_1_173' title='bbox 1036 2226 1078 2290; x_wconf 85' lang='lat'><strong>28</strong></span> <span class='ocrx_word' id='word_1_174' title='bbox 1105 2227 1200 2313; x_wconf 90' lang='lat' dir='ltr'><strong>plura</strong></span> <span class='ocrx_word' id='word_1_175' title='bbox 1222 2225 1380 2308; x_wconf 84' lang='lat' dir='ltr'><strong>scribam,</strong></span> <span class='ocrx_word' id='word_1_176' title='bbox 1405 2226 1430 2290; x_wconf 87' lang='lat' dir='ltr'><strong>si</strong></span> 
     </span>
     <span class='ocr_line' id='line_1_19' title="bbox 290 2326 1430 2416; baseline 0.001 -25"><span class='ocrx_word' id='word_1_177' title='bbox 290 2329 363 2414; x_wconf 89' lang='lat' dir='ltr'><strong>plns</strong></span> <span class='ocrx_word' id='word_1_178' title='bbox 386 2329 446 2395; x_wconf 91' lang='lat' dir='ltr'><strong>otii</strong></span> <span class='ocrx_word' id='word_1_179' title='bbox 468 2328 624 2393; x_wconf 83' lang='lat' dir='ltr'><strong>habuero.</strong></span> <span class='ocrx_word' id='word_1_180' title='bbox 645 2327 687 2390; x_wconf 87' lang='lat' dir='ltr'><strong>ad</strong></span> <span class='ocrx_word' id='word_1_181' title='bbox 703 2329 773 2393; x_wconf 81' lang='lat' dir='ltr'><strong>An.</strong></span> <span class='ocrx_word' id='word_1_182' title='bbox 797 2329 826 2410; x_wconf 94' lang='lat'><strong>1,</strong></span> <span class='ocrx_word' id='word_1_183' title='bbox 852 2327 890 2390; x_wconf 92' lang='grc'><strong>12</strong></span> <span class='ocrx_word' id='word_1_184' title='bbox 906 2328 936 2391; x_wconf 84' lang='lat' dir='ltr'><strong>si</strong></span> <span class='ocrx_word' id='word_1_185' title='bbox 950 2349 1018 2392; x_wconf 89' lang='lat' dir='ltr'><strong>rem</strong></span> <span class='ocrx_word' id='word_1_186' title='bbox 1033 2326 1157 2393; x_wconf 87' lang='lat' dir='ltr'><strong>nnllam</strong></span> <span class='ocrx_word' id='word_1_187' title='bbox 1172 2326 1329 2394; x_wconf 79' lang='lat' dir='ltr'><strong>habebis:</strong></span> <span class='ocrx_word' id='word_1_188' title='bbox 1352 2327 1430 2416; x_wconf 84' lang='lat' dir='ltr'><strong>qnod</strong></span> 
     </span>
     <span class='ocr_line' id='line_1_20' title="bbox 291 2427 1430 2516; baseline -0.003 -23"><span class='ocrx_word' id='word_1_189' title='bbox 291 2431 326 2495; x_wconf 92' lang='lat' dir='ltr'><strong>in</strong></span> <span class='ocrx_word' id='word_1_190' title='bbox 350 2432 485 2498; x_wconf 83' lang='lat' dir='ltr'><strong>buccam</strong></span> <span class='ocrx_word' id='word_1_191' title='bbox 508 2431 644 2510; x_wconf 87' lang='lat' dir='ltr'><strong>venerit,</strong></span> <span class='ocrx_word' id='word_1_192' title='bbox 668 2429 814 2495; x_wconf 78' lang='lat' dir='ltr'><strong>scribito.</strong></span> <span class='ocrx_word' id='word_1_193' title='bbox 839 2430 891 2511; x_wconf 93' lang='grc'><strong>11,</strong></span> <span class='ocrx_word' id='word_1_194' title='bbox 917 2429 956 2493; x_wconf 90' lang='grc'><strong>10</strong></span> <span class='ocrx_word' id='word_1_195' title='bbox 977 2427 1071 2516; x_wconf 89' lang='lat' dir='ltr'><strong>plura</strong></span> <span class='ocrx_word' id='word_1_196' title='bbox 1092 2429 1135 2494; x_wconf 87' lang='lat' dir='ltr'><strong>ad</strong></span> <span class='ocrx_word' id='word_1_197' title='bbox 1158 2439 1191 2494; x_wconf 89' lang='lat' dir='ltr'><strong>te</strong></span> <span class='ocrx_word' id='word_1_198' title='bbox 1220 2429 1379 2512; x_wconf 83' lang='lat' dir='ltr'><strong>scribam,</strong></span> <span class='ocrx_word' id='word_1_199' title='bbox 1405 2429 1430 2492; x_wconf 88' lang='lat' dir='ltr'><strong>si</strong></span> 
     </span>
     <span class='ocr_line' id='line_1_21' title="bbox 291 2528 1430 2618; baseline -0.003 -22"><span class='ocrx_word' id='word_1_200' title='bbox 291 2531 372 2596; x_wconf 91' lang='lat' dir='ltr'><strong>mihi</strong></span> <span class='ocrx_word' id='word_1_201' title='bbox 395 2531 438 2596; x_wconf 89' lang='lat' dir='ltr'><strong>ad</strong></span> <span class='ocrx_word' id='word_1_202' title='bbox 459 2554 515 2596; x_wconf 86' lang='lat' dir='ltr'><strong>eas</strong></span> <span class='ocrx_word' id='word_1_203' title='bbox 536 2529 675 2616; x_wconf 82' lang='lat' dir='ltr'><strong>litteras,</strong></span> <span class='ocrx_word' id='word_1_204' title='bbox 697 2552 777 2618; x_wconf 85' lang='lat' dir='ltr'><strong>quas</strong></span> <span class='ocrx_word' id='word_1_205' title='bbox 800 2533 951 2618; x_wconf 83' lang='lat' dir='ltr'><strong>proxime</strong></span> <span class='ocrx_word' id='word_1_206' title='bbox 972 2529 1016 2595; x_wconf 87' lang='lat' dir='ltr'><strong>ad</strong></span> <span class='ocrx_word' id='word_1_207' title='bbox 1038 2542 1071 2596; x_wconf 90' lang='lat' dir='ltr'><strong>te</strong></span> <span class='ocrx_word' id='word_1_208' title='bbox 1093 2528 1186 2612; x_wconf 88' lang='lat' dir='ltr'><strong>dedi,</strong></span> <span class='ocrx_word' id='word_1_209' title='bbox 1216 2531 1430 2618; x_wconf 83' lang='lat' dir='ltr'><strong>rescripseris.</strong></span> 
     </span>
     <span class='ocr_line' id='line_1_22' title="bbox 291 2630 1428 2700; baseline -0.002 -2"><span class='ocrx_word' id='word_1_210' title='bbox 291 2633 425 2700; x_wconf 85' lang='lat' dir='ltr'><strong>Sodann</strong></span> <span class='ocrx_word' id='word_1_211' title='bbox 447 2632 500 2698; x_wconf 89' lang='lat' dir='ltr'><strong>die</strong></span> <span class='ocrx_word' id='word_1_212' title='bbox 522 2632 557 2695; x_wconf 93' lang='lat' dir='ltr'><strong>in</strong></span> <span class='ocrx_word' id='word_1_213' title='bbox 578 2653 718 2696; x_wconf 88' lang='lat' dir='ltr'><strong>unseren</strong></span> <span class='ocrx_word' id='word_1_214' title='bbox 741 2632 994 2698; x_wconf 87' lang='lat' dir='ltr'><strong>Grammatiken</strong></span> <span class='ocrx_word' id='word_1_215' title='bbox 1017 2632 1148 2696; x_wconf 86' lang='lat' dir='ltr'><strong>eitirten</strong></span> <span class='ocrx_word' id='word_1_216' title='bbox 1163 2630 1302 2698; x_wconf 89' lang='lat' dir='ltr'><strong>Stellen:</strong></span> <span class='ocrx_word' id='word_1_217' title='bbox 1328 2633 1428 2698; x_wconf 90' lang='lat' dir='ltr'><strong>deor.</strong></span> 
     </span>
     <span class='ocr_line' id='line_1_23' title="bbox 291 2733 1429 2820; baseline -0.004 -21"><span class='ocrx_word' id='word_1_218' title='bbox 291 2737 322 2818; x_wconf 94' lang='grc'><strong>2,</strong></span> <span class='ocrx_word' id='word_1_219' title='bbox 345 2737 397 2800; x_wconf 83' lang='grc'><strong>65.</strong></span> <span class='ocrx_word' id='word_1_220' title='bbox 421 2735 462 2800; x_wconf 83' lang='grc'><strong>(10</strong></span> <span class='ocrx_word' id='word_1_221' title='bbox 484 2755 553 2799; x_wconf 87' lang='lat' dir='ltr'><strong>sen.</strong></span> <span class='ocrx_word' id='word_1_222' title='bbox 576 2735 605 2798; x_wconf 83' lang='lat'><strong>6.</strong></span> <span class='ocrx_word' id='word_1_223' title='bbox 629 2733 684 2798; x_wconf 89' lang='lat' dir='ltr'><strong>fin.</strong></span> <span class='ocrx_word' id='word_1_224' title='bbox 711 2736 740 2818; x_wconf 95' lang='lat' dir='ltr'><strong>l,</strong></span> <span class='ocrx_word' id='word_1_225' title='bbox 765 2733 813 2798; x_wconf 90' lang='grc'><strong>19.</strong></span> <span class='ocrx_word' id='word_1_226' title='bbox 837 2772 878 2780; x_wconf 93' lang='grc'><strong>-</strong></span> <span class='ocrx_word' id='word_1_227' title='bbox 899 2733 984 2799; x_wconf 89' lang='lat' dir='ltr'><strong>Liv.</strong></span> <span class='ocrx_word' id='word_1_228' title='bbox 1008 2735 1060 2818; x_wconf 89' lang='grc'><strong>24,</strong></span> <span class='ocrx_word' id='word_1_229' title='bbox 1082 2733 1123 2798; x_wconf 88' lang='grc'><strong>38</strong></span> <span class='ocrx_word' id='word_1_230' title='bbox 1147 2734 1203 2820; x_wconf 93' lang='lat' dir='ltr'><strong>qui</strong></span> <span class='ocrx_word' id='word_1_231' title='bbox 1229 2735 1320 2820; x_wconf 90' lang='lat' dir='ltr'><strong>prior</strong></span> <span class='ocrx_word' id='word_1_232' title='bbox 1343 2734 1429 2798; x_wconf 85' lang='lat' dir='ltr'><strong>strin-</strong></span> 
     </span>
     <span class='ocr_line' id='line_1_24' title="bbox 290 2835 1429 2922; baseline -0.004 -20"><span class='ocrx_word' id='word_1_233' title='bbox 290 2839 378 2902; x_wconf 86' lang='lat' dir='ltr'><strong>xerit</strong></span> <span class='ocrx_word' id='word_1_234' title='bbox 399 2838 533 2916; x_wconf 87' lang='lat' dir='ltr'><strong>ferrum,</strong></span> <span class='ocrx_word' id='word_1_235' title='bbox 557 2835 627 2900; x_wconf 84' lang='lat' dir='ltr'><strong>eius</strong></span> <span class='ocrx_word' id='word_1_236' title='bbox 650 2835 790 2899; x_wconf 85' lang='lat' dir='ltr'><strong>victoria</strong></span> <span class='ocrx_word' id='word_1_237' title='bbox 812 2835 884 2898; x_wconf 91' lang='lat' dir='ltr'><strong>erit.</strong></span> <span class='ocrx_word' id='word_1_238' title='bbox 907 2835 960 2916; x_wconf 87' lang='lat'><strong>40,</strong></span> <span class='ocrx_word' id='word_1_239' title='bbox 982 2835 1002 2899; x_wconf 84' lang='lat'>9</span> <span class='ocrx_word' id='word_1_240' title='bbox 1030 2857 1110 2922; x_wconf 88' lang='lat' dir='ltr'><strong>quos</strong></span> <span class='ocrx_word' id='word_1_241' title='bbox 1140 2837 1365 2918; x_wconf 88' lang='lat' dir='ltr'><strong>nominavero,</strong></span> <span class='ocrx_word' id='word_1_242' title='bbox 1385 2856 1429 2898; x_wconf 89' lang='lat' dir='ltr'><strong>ar·</strong></span> 
     </span>
     <span class='ocr_line' id='line_1_25' title="bbox 290 2935 1429 3024; baseline -0.006 -19"><span class='ocrx_word' id='word_1_243' title='bbox 290 2961 392 3006; x_wconf 83' lang='lat' dir='ltr'><strong>cesae.</strong></span> <span class='ocrx_word' id='word_1_244' title='bbox 417 2977 456 2986; x_wconf 87' lang='lat'><em>-</em></span> <span class='ocrx_word' id='word_1_245' title='bbox 480 2937 587 3002; x_wconf 85' lang='lat' dir='ltr'><strong>Ourt.</strong></span> <span class='ocrx_word' id='word_1_246' title='bbox 603 2937 635 3019; x_wconf 87' lang='lat'><strong>9,</strong></span> <span class='ocrx_word' id='word_1_247' title='bbox 657 2937 689 3015; x_wconf 90' lang='lat'><strong>6,</strong></span> <span class='ocrx_word' id='word_1_248' title='bbox 714 2937 754 3000; x_wconf 91' lang='grc'><strong>14</strong></span> <span class='ocrx_word' id='word_1_249' title='bbox 768 2957 961 3024; x_wconf 88' lang='lat' dir='ltr'><strong>quoeunque</strong></span> <span class='ocrx_word' id='word_1_250' title='bbox 976 2937 1121 3021; x_wconf 87' lang='lat' dir='ltr'><strong>iusseris,</strong></span> <span class='ocrx_word' id='word_1_251' title='bbox 1143 2935 1277 3004; x_wconf 88' lang='lat' dir='ltr'><strong>ibimus.</strong></span> <span class='ocrx_word' id='word_1_252' title='bbox 1291 2973 1336 2988; x_wconf 89' lang='lat'><em>-</em></span> <span class='ocrx_word' id='word_1_253' title='bbox 1350 2937 1429 3002; x_wconf 88' lang='lat' dir='ltr'><strong>Sen.</strong></span> 
     </span>
     <span class='ocr_line' id='line_1_26' title="bbox 290 3037 1430 3128; baseline -0.003 -23"><span class='ocrx_word' id='word_1_254' title='bbox 290 3065 340 3128; x_wconf 91' lang='lat' dir='ltr'><strong>ep.</strong></span> <span class='ocrx_word' id='word_1_255' title='bbox 371 3043 421 3125; x_wconf 88' lang='grc'><strong>17,</strong></span> <span class='ocrx_word' id='word_1_256' title='bbox 448 3042 471 3104; x_wconf 91' lang='grc'><strong>4</strong></span> <span class='ocrx_word' id='word_1_257' title='bbox 497 3040 527 3104; x_wconf 86' lang='lat' dir='ltr'><strong>si</strong></span> <span class='ocrx_word' id='word_1_258' title='bbox 553 3039 596 3104; x_wconf 89' lang='lat' dir='ltr'><strong>ad</strong></span> <span class='ocrx_word' id='word_1_259' title='bbox 625 3037 715 3103; x_wconf 89' lang='lat' dir='ltr'><strong>illam</strong></span> <span class='ocrx_word' id='word_1_260' title='bbox 743 3060 903 3103; x_wconf 88' lang='lat' dir='ltr'><strong>summam</strong></span> <span class='ocrx_word' id='word_1_261' title='bbox 930 3059 1127 3126; x_wconf 87' lang='lat' dir='ltr'><strong>pervenero,</strong></span> <span class='ocrx_word' id='word_1_262' title='bbox 1150 3047 1230 3102; x_wconf 85' lang='lat' dir='ltr'><strong>tuno</strong></span> <span class='ocrx_word' id='word_1_263' title='bbox 1252 3061 1305 3104; x_wconf 90' lang='lat' dir='ltr'><strong>me</strong></span> <span class='ocrx_word' id='word_1_264' title='bbox 1333 3050 1430 3104; x_wconf 89' lang='lat' dir='ltr'><strong>totum</strong></span> 
     </span>
     <span class='ocr_line' id='line_1_27' title="bbox 290 3138 1431 3232; baseline -0.002 -26"><span class='ocrx_word' id='word_1_265' title='bbox 290 3141 514 3229; x_wconf 87' lang='lat' dir='ltr'><strong>philosophiae</strong></span> <span class='ocrx_word' id='word_1_266' title='bbox 536 3140 633 3205; x_wconf 89' lang='lat' dir='ltr'><strong>dabo.</strong></span> <span class='ocrx_word' id='word_1_267' title='bbox 658 3139 709 3222; x_wconf 89' lang='grc'><strong>76,</strong></span> <span class='ocrx_word' id='word_1_268' title='bbox 733 3142 773 3206; x_wconf 92' lang='grc'><strong>14</strong></span> <span class='ocrx_word' id='word_1_269' title='bbox 796 3139 848 3204; x_wconf 89' lang='lat' dir='ltr'><strong>vir</strong></span> <span class='ocrx_word' id='word_1_270' title='bbox 870 3139 987 3224; x_wconf 89' lang='lat' dir='ltr'><strong>bonus,</strong></span> <span class='ocrx_word' id='word_1_271' title='bbox 1009 3138 1096 3227; x_wconf 91' lang='lat' dir='ltr'><strong>quod</strong></span> <span class='ocrx_word' id='word_1_272' title='bbox 1118 3139 1255 3232; x_wconf 87' lang='lat' dir='ltr'><strong>honeste</strong></span> <span class='ocrx_word' id='word_1_273' title='bbox 1277 3165 1312 3207; x_wconf 87' lang='lat' dir='ltr'><strong>se</strong></span> <span class='ocrx_word' id='word_1_274' title='bbox 1334 3140 1431 3206; x_wconf 82' lang='lat' dir='ltr'><strong>faetu-</strong></span> 
     </span>
     <span class='ocr_line' id='line_1_28' title="bbox 291 3240 1431 3332; baseline -0.003 -24"><span class='ocrx_word' id='word_1_275' title='bbox 291 3266 363 3308; x_wconf 91' lang='lat' dir='ltr'><strong>rnm</strong></span> <span class='ocrx_word' id='word_1_276' title='bbox 385 3243 561 3332; x_wconf 84' lang='lat' dir='ltr'><strong>putaverit,</strong></span> <span class='ocrx_word' id='word_1_277' title='bbox 584 3241 692 3306; x_wconf 82' lang='lat' dir='ltr'><strong>faciet.</strong></span> <span class='ocrx_word' id='word_1_278' title='bbox 715 3240 767 3323; x_wconf 85' lang='lat'><strong>95,</strong></span> <span class='ocrx_word' id='word_1_279' title='bbox 791 3243 832 3306; x_wconf 84' lang='lat'><strong>56</strong></span> <span class='ocrx_word' id='word_1_280' title='bbox 854 3242 940 3307; x_wconf 88' lang='lat' dir='ltr'><strong>actio</strong></span> <span class='ocrx_word' id='word_1_281' title='bbox 963 3253 1055 3307; x_wconf 89' lang='lat' dir='ltr'><strong>reeta</strong></span> <span class='ocrx_word' id='word_1_282' title='bbox 1075 3265 1141 3308; x_wconf 92' lang='lat' dir='ltr'><strong>non</strong></span> <span class='ocrx_word' id='word_1_283' title='bbox 1163 3245 1236 3327; x_wconf 93' lang='lat' dir='ltr'><strong>erit,</strong></span> <span class='ocrx_word' id='word_1_284' title='bbox 1261 3241 1325 3308; x_wconf 90' lang='lat' dir='ltr'><strong>nisi</strong></span> <span class='ocrx_word' id='word_1_285' title='bbox 1345 3251 1431 3306; x_wconf 84' lang='lat' dir='ltr'><strong>reeta</strong></span> 
     </span>
     <span class='ocr_line' id='line_1_29' title="bbox 290 3342 574 3410; baseline -0.004 -2"><span class='ocrx_word' id='word_1_286' title='bbox 290 3345 391 3410; x_wconf 84' lang='lat' dir='ltr'><strong>fuerit</strong></span> <span class='ocrx_word' id='word_1_287' title='bbox 411 3342 574 3409; x_wconf 86' lang='lat' dir='ltr'><strong>voluntas.</strong></span> 
     </span>
    </p>
   </div>
   <div class='ocr_carea' id='block_1_8' title="bbox 289 3494 1431 4600">
    <p class='ocr_par' dir='ltr' id='par_1_8' title="bbox 289 3494 1431 4600">
     <span class='ocr_line' id='line_1_30' title="bbox 374 3494 1431 3585; baseline 0 -27"><span class='ocrx_word' id='word_1_288' title='bbox 374 3495 476 3559; x_wconf 88' lang='lat' dir='ltr'><strong>Diese</strong></span> <span class='ocrx_word' id='word_1_289' title='bbox 504 3494 642 3580; x_wconf 85' lang='lat' dir='ltr'><strong>Strenge</strong></span> <span class='ocrx_word' id='word_1_290' title='bbox 669 3497 704 3559; x_wconf 92' lang='lat' dir='ltr'><strong>in</strong></span> <span class='ocrx_word' id='word_1_291' title='bbox 733 3495 792 3560; x_wconf 89' lang='lat' dir='ltr'><strong>der</strong></span> <span class='ocrx_word' id='word_1_292' title='bbox 819 3494 1055 3582; x_wconf 80' lang='lat' dir='ltr'><strong>Tempusiolge</strong></span> <span class='ocrx_word' id='word_1_293' title='bbox 1084 3495 1168 3562; x_wconf 84' lang='lat' dir='ltr'><strong>wird</strong></span> <span class='ocrx_word' id='word_1_294' title='bbox 1193 3497 1316 3585; x_wconf 85' lang='lat' dir='ltr'><strong>jedoeh</strong></span> <span class='ocrx_word' id='word_1_295' title='bbox 1341 3495 1431 3560; x_wconf 83' lang='lat' dir='ltr'><strong>tiber·</strong></span> 
     </span>
     <span class='ocr_line' id='line_1_31' title="bbox 289 3595 1430 3682; baseline -0.001 -21"><span class='ocrx_word' id='word_1_296' title='bbox 289 3597 417 3662; x_wconf 89' lang='lat' dir='ltr'><strong>trieben</strong></span> <span class='ocrx_word' id='word_1_297' title='bbox 445 3597 512 3660; x_wconf 90' lang='lat' dir='ltr'><strong>und</strong></span> <span class='ocrx_word' id='word_1_298' title='bbox 542 3597 602 3660; x_wconf 85' lang='lat' dir='ltr'><strong>aui</strong></span> <span class='ocrx_word' id='word_1_299' title='bbox 626 3595 720 3661; x_wconf 76' lang='lat' dir='ltr'><strong>Falle</strong></span> <span class='ocrx_word' id='word_1_300' title='bbox 748 3597 967 3682; x_wconf 84' lang='lat' dir='ltr'><strong>ansgedehnt,</strong></span> <span class='ocrx_word' id='word_1_301' title='bbox 1002 3621 1051 3664; x_wconf 87' lang='lat' dir='ltr'><strong>wo</strong></span> <span class='ocrx_word' id='word_1_302' title='bbox 1085 3596 1182 3663; x_wconf 89' lang='lat' dir='ltr'><strong>beide</strong></span> <span class='ocrx_word' id='word_1_303' title='bbox 1213 3596 1430 3682; x_wconf 82' lang='lat' dir='ltr'><strong>Handlungen</strong></span> 
     </span>
     <span class='ocr_line' id='line_1_32' title="bbox 289 3697 1429 3785; baseline -0.003 -23"><span class='ocrx_word' id='word_1_304' title='bbox 289 3697 558 3784; x_wconf 84' lang='lat' dir='ltr'><strong>gleichzeitig</strong></span> <span class='ocrx_word' id='word_1_305' title='bbox 579 3698 679 3764; x_wconf 89' lang='lat' dir='ltr'><strong>sind.·</strong></span> <span class='ocrx_word' id='word_1_306' title='bbox 710 3698 753 3764; x_wconf 86' lang='lat' dir='ltr'><strong>So</strong></span> <span class='ocrx_word' id='word_1_307' title='bbox 776 3699 830 3764; x_wconf 88' lang='lat' dir='ltr'><strong>bei</strong></span> <span class='ocrx_word' id='word_1_308' title='bbox 847 3704 979 3782; x_wconf 77' lang='lat' dir='ltr'><strong>potuero</strong></span> <span class='ocrx_word' id='word_1_309' title='bbox 1001 3698 1069 3764; x_wconf 89' lang='lat' dir='ltr'><strong>und</strong></span> <span class='ocrx_word' id='word_1_310' title='bbox 1097 3701 1240 3765; x_wconf 79' lang='lat' dir='ltr'><strong>volnere:</strong></span> <span class='ocrx_word' id='word_1_311' title='bbox 1276 3700 1343 3764; x_wconf 82' lang='lat' dir='ltr'><strong>Cic.</strong></span> <span class='ocrx_word' id='word_1_312' title='bbox 1366 3719 1429 3785; x_wconf 87' lang='lat' dir='ltr'><strong>rep.</strong></span> 
     </span>
     <span class='ocr_line' id='line_1_33' title="bbox 294 3799 1429 3888; baseline 0 -26"><span class='ocrx_word' id='word_1_313' title='bbox 294 3803 321 3882; x_wconf 95' lang='lat' dir='ltr'><strong>l,</strong></span> <span class='ocrx_word' id='word_1_314' title='bbox 343 3802 385 3865; x_wconf 87' lang='lat'><strong>43</strong></span> <span class='ocrx_word' id='word_1_315' title='bbox 408 3799 556 3865; x_wconf 88' lang='lat' dir='ltr'><strong>simodo</strong></span> <span class='ocrx_word' id='word_1_316' title='bbox 586 3800 768 3887; x_wconf 88' lang='lat' dir='ltr'><strong>exprimere</strong></span> <span class='ocrx_word' id='word_1_317' title='bbox 790 3800 909 3866; x_wconf 87' lang='lat' dir='ltr'><strong>Latine</strong></span> <span class='ocrx_word' id='word_1_318' title='bbox 935 3812 1082 3888; x_wconf 87' lang='lat' dir='ltr'><strong>potuero.</strong></span> <span class='ocrx_word' id='word_1_319' title='bbox 1116 3825 1166 3888; x_wconf 88' lang='lat' dir='ltr'><strong>ep.</strong></span> <span class='ocrx_word' id='word_1_320' title='bbox 1195 3803 1250 3884; x_wconf 88' lang='grc'><strong>46,</strong></span> <span class='ocrx_word' id='word_1_321' title='bbox 1274 3802 1325 3867; x_wconf 92' lang='grc'><strong>70.</strong></span> <span class='ocrx_word' id='word_1_322' title='bbox 1346 3800 1429 3886; x_wconf 84' lang='lat' dir='ltr'><strong>legg.</strong></span> 
     </span>
     <span class='ocr_line' id='line_1_34' title="bbox 290 3899 1429 3989; baseline 0.001 -25"><span class='ocrx_word' id='word_1_323' title='bbox 290 3901 321 3982; x_wconf 95' lang='grc'><strong>2,</strong></span> <span class='ocrx_word' id='word_1_324' title='bbox 347 3901 385 3965; x_wconf 90' lang='grc'>18</span> <span class='ocrx_word' id='word_1_325' title='bbox 407 3900 513 3984; x_wconf 88' lang='lat' dir='ltr'><strong>Plato,</strong></span> <span class='ocrx_word' id='word_1_326' title='bbox 537 3902 566 3965; x_wconf 93' lang='lat' dir='ltr'><strong>si</strong></span> <span class='ocrx_word' id='word_1_327' title='bbox 588 3899 684 3966; x_wconf 87' lang='lat' dir='ltr'><strong>modo</strong></span> <span class='ocrx_word' id='word_1_328' title='bbox 706 3902 915 3989; x_wconf 89' lang='lat' dir='ltr'><strong>interpretari</strong></span> <span class='ocrx_word' id='word_1_329' title='bbox 927 3911 1073 3988; x_wconf 77' lang='lat' dir='ltr'><strong>potuero,</strong></span> <span class='ocrx_word' id='word_1_330' title='bbox 1096 3902 1147 3966; x_wconf 85' lang='lat' dir='ltr'><strong>hia</strong></span> <span class='ocrx_word' id='word_1_331' title='bbox 1162 3901 1234 3968; x_wconf 83' lang='lat' dir='ltr'><strong>iere</strong></span> <span class='ocrx_word' id='word_1_332' title='bbox 1248 3903 1357 3969; x_wconf 86' lang='lat' dir='ltr'><strong>verbis</strong></span> <span class='ocrx_word' id='word_1_333' title='bbox 1373 3904 1429 3966; x_wconf 87' lang='lat' dir='ltr'><strong>nti·</strong></span> 
     </span>
     <span class='ocr_line' id='line_1_35' title="bbox 289 4002 1429 4092; baseline 0.003 -26"><span class='ocrx_word' id='word_1_334' title='bbox 289 4007 353 4066; x_wconf 86' lang='lat' dir='ltr'><strong>tur.</strong></span> <span class='ocrx_word' id='word_1_335' title='bbox 376 4023 408 4066; x_wconf 91' lang='lat' dir='ltr'><strong>n.</strong></span> <span class='ocrx_word' id='word_1_336' title='bbox 431 4002 463 4068; x_wconf 91' lang='lat' dir='ltr'><strong>d.</strong></span> <span class='ocrx_word' id='word_1_337' title='bbox 486 4005 516 4086; x_wconf 93' lang='grc'><strong>2,</strong></span> <span class='ocrx_word' id='word_1_338' title='bbox 539 4005 592 4086; x_wconf 90' lang='grc'><strong>34,</strong></span> <span class='ocrx_word' id='word_1_339' title='bbox 615 4003 655 4068; x_wconf 87' lang='grc'><strong>87</strong></span> <span class='ocrx_word' id='word_1_340' title='bbox 679 4005 831 4090; x_wconf 86' lang='lat' dir='ltr'><strong>potnerit.</strong></span> <span class='ocrx_word' id='word_1_341' title='bbox 869 4004 966 4068; x_wconf 85' lang='lat' dir='ltr'><strong>Tuse.</strong></span> <span class='ocrx_word' id='word_1_342' title='bbox 994 4007 1022 4086; x_wconf 88' lang='lat'><strong>1,</strong></span> <span class='ocrx_word' id='word_1_343' title='bbox 1044 4005 1087 4068; x_wconf 83' lang='lat'><strong>43</strong></span> <span class='ocrx_word' id='word_1_344' title='bbox 1110 4005 1138 4068; x_wconf 86' lang='lat' dir='ltr'><strong>si</strong></span> <span class='ocrx_word' id='word_1_345' title='bbox 1160 4027 1214 4068; x_wconf 90' lang='lat' dir='ltr'><strong>me</strong></span> <span class='ocrx_word' id='word_1_346' title='bbox 1235 4007 1361 4092; x_wconf 86' lang='lat' dir='ltr'><strong>assequi</strong></span> <span class='ocrx_word' id='word_1_347' title='bbox 1377 4025 1429 4088; x_wconf 89' lang='grc'><strong>00·</strong></span> 
     </span>
     <span class='ocr_line' id='line_1_36' title="bbox 290 4104 1428 4193; baseline -0.001 -24"><span class='ocrx_word' id='word_1_348' title='bbox 290 4108 406 4187; x_wconf 85' lang='lat' dir='ltr'><strong>tueris,</strong></span> <span class='ocrx_word' id='word_1_349' title='bbox 436 4104 582 4191; x_wconf 82' lang='grc'>00001110.</span> <span class='ocrx_word' id='word_1_350' title='bbox 626 4106 717 4170; x_wconf 87' lang='lat' dir='ltr'><strong>Brut.</strong></span> <span class='ocrx_word' id='word_1_351' title='bbox 744 4106 774 4187; x_wconf 89' lang='grc'><strong>5,</strong></span> <span class='ocrx_word' id='word_1_352' title='bbox 797 4106 837 4170; x_wconf 91' lang='grc'>21</span> <span class='ocrx_word' id='word_1_353' title='bbox 861 4127 921 4190; x_wconf 83' lang='lat' dir='ltr'><strong>ego</strong></span> <span class='ocrx_word' id='word_1_354' title='bbox 950 4127 1045 4188; x_wconf 88' lang='lat' dir='ltr'><strong>vero,</strong></span> <span class='ocrx_word' id='word_1_355' title='bbox 1075 4106 1104 4170; x_wconf 90' lang='lat' dir='ltr'><strong>si</strong></span> <span class='ocrx_word' id='word_1_356' title='bbox 1133 4117 1285 4193; x_wconf 87' lang='lat' dir='ltr'><strong>potuero,</strong></span> <span class='ocrx_word' id='word_1_357' title='bbox 1312 4105 1428 4170; x_wconf 82' lang='lat' dir='ltr'><strong>faeiem</strong></span> 
     </span>
     <span class='ocr_line' id='line_1_37' title="bbox 291 4205 1428 4294; baseline -0.002 -24"><span class='ocrx_word' id='word_1_358' title='bbox 291 4207 384 4272; x_wconf 88' lang='lat' dir='ltr'><strong>vobis</strong></span> <span class='ocrx_word' id='word_1_359' title='bbox 405 4210 495 4276; x_wconf 85' lang='lat' dir='ltr'><strong>satie.</strong></span> <span class='ocrx_word' id='word_1_360' title='bbox 520 4205 573 4272; x_wconf 84' lang='lat' dir='ltr'><strong>off.</strong></span> <span class='ocrx_word' id='word_1_361' title='bbox 596 4207 626 4289; x_wconf 87' lang='lat'><strong>3,</strong></span> <span class='ocrx_word' id='word_1_362' title='bbox 653 4206 692 4270; x_wconf 92' lang='grc'>19</span> <span class='ocrx_word' id='word_1_363' title='bbox 714 4209 741 4271; x_wconf 92' lang='lat' dir='ltr'><strong>si</strong></span> <span class='ocrx_word' id='word_1_364' title='bbox 765 4207 838 4294; x_wconf 86' lang='lat' dir='ltr'><strong>quie</strong></span> <span class='ocrx_word' id='word_1_365' title='bbox 859 4206 1000 4272; x_wconf 88' lang='lat' dir='ltr'><strong>voluerit</strong></span> <span class='ocrx_word' id='word_1_366' title='bbox 1014 4209 1137 4272; x_wconf 87' lang='lat' dir='ltr'><strong>—iam</strong></span> <span class='ocrx_word' id='word_1_367' title='bbox 1159 4209 1231 4294; x_wconf 89' lang='lat' dir='ltr'><strong>ipse</strong></span> <span class='ocrx_word' id='word_1_368' title='bbox 1254 4231 1288 4272; x_wconf 89' lang='lat' dir='ltr'><strong>se</strong></span> <span class='ocrx_word' id='word_1_369' title='bbox 1305 4207 1428 4272; x_wconf 84' lang='lat' dir='ltr'><strong>doceat.</strong></span> 
     </span>
     <span class='ocr_line' id='line_1_38' title="bbox 289 4307 1428 4395; baseline 0 -25"><span class='ocrx_word' id='word_1_370' title='bbox 289 4307 345 4371; x_wconf 85' lang='lat' dir='ltr'><strong>iin.</strong></span> <span class='ocrx_word' id='word_1_371' title='bbox 372 4310 398 4392; x_wconf 85' lang='lat' dir='ltr'><strong>l,</strong></span> <span class='ocrx_word' id='word_1_372' title='bbox 422 4309 473 4391; x_wconf 91' lang='grc'><strong>20,</strong></span> <span class='ocrx_word' id='word_1_373' title='bbox 497 4307 546 4374; x_wconf 91' lang='grc'><strong>69.</strong></span> <span class='ocrx_word' id='word_1_374' title='bbox 569 4309 602 4389; x_wconf 89' lang='grc'><strong>4,</strong></span> <span class='ocrx_word' id='word_1_375' title='bbox 625 4307 656 4391; x_wconf 89' lang='grc'><strong>6,</strong></span> <span class='ocrx_word' id='word_1_376' title='bbox 682 4308 731 4372; x_wconf 91' lang='grc'><strong>14.</strong></span> <span class='ocrx_word' id='word_1_377' title='bbox 775 4309 862 4379; x_wconf 82' lang='grc'>800.</span> <span class='ocrx_word' id='word_1_378' title='bbox 891 4331 939 4395; x_wconf 87' lang='grc'><strong>00.</strong></span> <span class='ocrx_word' id='word_1_379' title='bbox 968 4309 1019 4391; x_wconf 92' lang='grc'><strong>42,</strong></span> <span class='ocrx_word' id='word_1_380' title='bbox 1047 4309 1068 4374; x_wconf 88' lang='grc'>3</span> <span class='ocrx_word' id='word_1_381' title='bbox 1101 4307 1187 4373; x_wconf 89' lang='lat' dir='ltr'><strong>idem</strong></span> <span class='ocrx_word' id='word_1_382' title='bbox 1216 4308 1329 4390; x_wconf 79' lang='lat' dir='ltr'><strong>faciet,</strong></span> <span class='ocrx_word' id='word_1_383' title='bbox 1358 4329 1428 4373; x_wconf 82' lang='lat' dir='ltr'><strong>cunr</strong></span> 
     </span>
     <span class='ocr_line' id='line_1_39' title="bbox 290 4407 1425 4498; baseline 0 -24"><span class='ocrx_word' id='word_1_384' title='bbox 290 4409 377 4474; x_wconf 89' lang='lat' dir='ltr'><strong>idem</strong></span> <span class='ocrx_word' id='word_1_385' title='bbox 399 4411 550 4496; x_wconf 89' lang='lat' dir='ltr'><strong>potuerit.</strong></span> <span class='ocrx_word' id='word_1_386' title='bbox 595 4408 712 4496; x_wconf 87' lang='lat' dir='ltr'><strong>Apul.</strong></span> <span class='ocrx_word' id='word_1_387' title='bbox 735 4407 820 4497; x_wconf 90' lang='lat' dir='ltr'><strong>apol.</strong></span> <span class='ocrx_word' id='word_1_388' title='bbox 844 4432 895 4498; x_wconf 86' lang='lat' dir='ltr'><strong>op.</strong></span> <span class='ocrx_word' id='word_1_389' title='bbox 917 4411 970 4475; x_wconf 88' lang='lat'><strong>48.</strong></span> <span class='ocrx_word' id='word_1_390' title='bbox 1015 4409 1179 4476; x_wconf 87' lang='lat' dir='ltr'><strong>Aehnlioh</strong></span> <span class='ocrx_word' id='word_1_391' title='bbox 1202 4411 1362 4492; x_wconf 72' lang='lat' dir='ltr'><strong>hei-lebet,</strong></span> <span class='ocrx_word' id='word_1_392' title='bbox 1390 4411 1425 4474; x_wconf 83' lang='lat' dir='ltr'><strong>h&#39;·</strong></span> 
     </span>
     <span class='ocr_line' id='line_1_40' title="bbox 289 4511 1425 4600; baseline -0.002 -21"><span class='ocrx_word' id='word_1_393' title='bbox 289 4517 344 4595; x_wconf 83' lang='lat' dir='ltr'><strong>eet‚</strong></span> <span class='ocrx_word' id='word_1_394' title='bbox 361 4513 475 4596; x_wconf 75' lang='grc'>070001,</span> <span class='ocrx_word' id='word_1_395' title='bbox 498 4513 595 4578; x_wconf 76' lang='lat' dir='ltr'><strong>otiam</strong></span> <span class='ocrx_word' id='word_1_396' title='bbox 617 4512 737 4594; x_wconf 82' lang='lat' dir='ltr'><strong>hahere,</strong></span> <span class='ocrx_word' id='word_1_397' title='bbox 761 4513 845 4576; x_wconf 75' lang='grc'>70010</span> <span class='ocrx_word' id='word_1_398' title='bbox 866 4517 918 4577; x_wconf 85' lang='lat' dir='ltr'><strong>est.</strong></span> <span class='ocrx_word' id='word_1_399' title='bbox 946 4551 989 4561; x_wconf 97' lang='lat'>—</span> <span class='ocrx_word' id='word_1_400' title='bbox 1015 4511 1102 4578; x_wconf 88' lang='lat' dir='ltr'><strong>Sen.</strong></span> <span class='ocrx_word' id='word_1_401' title='bbox 1126 4533 1177 4600; x_wconf 89' lang='lat' dir='ltr'><strong>ep.</strong></span> <span class='ocrx_word' id='word_1_402' title='bbox 1203 4513 1254 4600; x_wconf 89' lang='grc'><strong>71,</strong></span> <span class='ocrx_word' id='word_1_403' title='bbox 1275 4513 1295 4576; x_wconf 87' lang='grc'>5</span> <span class='ocrx_word' id='word_1_404' title='bbox 1316 4521 1350 4575; x_wconf 87' lang='grc'><strong>01</strong></span> <span class='ocrx_word' id='word_1_405' title='bbox 1365 4522 1425 4577; x_wconf 91' lang='lat' dir='ltr'><strong>tor·</strong></span> 
     </span>
    </p>
   </div>
   <div class='ocr_carea' id='block_1_9' title="bbox 0 0 1522 5142">
    <p class='ocr_par' dir='ltr' id='par_1_9' title="bbox 0 0 1522 5142">
     <span class='ocr_line' id='line_1_41' title="bbox 0 0 1522 5142; baseline 0 0"><span class='ocrx_word' id='word_1_406' title='bbox 0 0 1522 5142; x_wconf 95' lang='lat' dir='ltr'><strong> </strong></span> 
     </span>
    </p>
   </div>
  </div>
 </body>
</html>
