3056 5144
741 419 970 483 „504-

280 569 381 637 lateiu
402 570 446 634 ist
469 569 523 635 die
546 569 776 635 Construction
799 568 918 634 selten:
949 569 1033 658 Vop.
1050 569 1189 639 Α111.22
1212 568 1334 635 fastidii
1354 570 1410 634 evi·

281 674 404 738 tatione
427 673 484 757 (=
507 670 655 736 evitandi
678 677 797 750 causa.)

365 774 396 838 2.
440 773 506 838 1)19
533 782 703 838 1111119919
731 773 762 837 d.
786 771 818 836 h.
846 771 1086 838 ausserhalb
1114 771 1182 836 des
1212 772 1411 861 Subjectes

281 874 474 961 liegende
488 874 668 941 Ursache
684 875 765 940 wird
782 876 814 939 in
831 872 914 940 alter
928 873 996 941 und
1010 871 1211 939 klassischer
1225 875 1302 940 Zeit
1314 895 1413 937 ausser

281 977 315 1042 111
342 978 504 1060 gewissen
531 974 706 1060 allgemein
734 975 956 1061 gebrauchten
984 974 1136 1040 Formcln
1163 974 1249 1040 noch
1277 973 1412 1038 siemlich

282 1077 387 1142 selten
409 1077 511 1143 durch
534 1076 598 1141 den
619 1074 697 1142 Abl.
716 1069 927 1159 bezeichnet‚
951 1100 1016 1143 von
1039 1077 1081 1141 da
1102 1077 1144 1142 ab
1167 1075 1325 1162 htufiger.
1352 1073 1412 1140 XII

283 1178 372 1244 tabb.
396 1179 428 1261 8,
454 1179 493 1243 16
516 1179 546 1242 si
567 1177 683 1244 adorat
704 1176 802 1244 furto.
834 1179 1005 1254 091991.
1033 1179 1089 1242 141
1114 1188 1222 1244 macte
1244 1176 1332 1242 hisee
1352 1199 1412 1241 sno·

283 1277 492 1344 vitaurilibus
514 1277 710 1344 lactentibus
734 1291 813 1345 esto.
858 1278 953 1345 Mehr
969 1279 1091 1345 Stellen
1114 1280 1174 1346 mit
1195 1275 1413 1345 1999199911.

282 1380 372 1467 giebt
385 1379 505 1446 Holtze
526 1379 543 1443 I
565 1379 597 1445 S.
613 1379 681 1444 142.
713 1379 856 1446 Ennius:
874 1381 1016 1446 titulans
1033 1381 1089 1464 (=
1104 1381 1268 1465 gaudens)
1283 1379 1415 1461 victoria,

283 1503 347 1569 quo
369 1481 490 1546 indicio
513 1481 658 1554 advenit,
681 1473 818 1566 imp'erio
841 1483 937 1568 regis,
967 1481 1076 1547 Plaut.
1099 1481 1199 1547 Most.
1223 1483 1284 1547 173
1306 1480 1414 1546 virtute

282 1583 406 1650 formae
428 1582 461 1647 id
484 1583 604 1648 evenit.
637 1583 732 1648 Poen.
747 1585 779 1668 5,
795 1584 827 1666 4,
842 1584 885 1650 39
907 1605 978 1648 mea
993 1583 1114 1649 fidncia
1135 1581 1244 1649 hercle
1266 1581 1414 1670 haruspex

281 1721 324 1733 -
345 1685 507 1772 promisit.
538 1683 634 1749 Cure.
658 1687 685 1764 1,
704 1685 735 1768 3,
751 1684 793 1750 56
814 1685 899 1749 istoc
921 1685 1022 1750 verbo
1045 1684 1226 1751 vindictam
1249 1707 1328 1771 para
1349 1685 1378 1765 (i.
1393 1704 1414 1746 9.

282 1796 417 1874 propter
438 1783 472 1850 id
495 1785 581 1872 qued
605 1785 746 1872 dixisti).
780 1786 812 1870 2,
838 1786 867 1869 1,
889 1785 932 1852 28
954 1787 1126 1851 intestinis.
1163 1786 1258 1851 Asin.
1283 1789 1311 1868 1,
1332 1785 1361 1866 2,
1383 1783 1415 1847 16

282 1888 395 1974 inopia
417 1887 473 1971 (=
488 1895 623 1973 propter
644 1886 715 1972 in).
749 1887 811 1968 Qui
834 1889 888 1969 (=
904 1909 1000 1975 quam
1015 1886 1057 1952 ob
1072 1887 1156 1972 rem)
1179 1885 1279 1974 Epid.
1295 1886 1325 1971 2,
1340 1887 1368 1969 2,
1382 1887 1412 1950 31

283 2013 316 2055 11.
339 1987 435 2053 ditor.
481 1985 576 2053 Eben
599 2009 653 2052 so:
682 2009 720 2053 ea
740 2010 784 2072 re,
807 2009 872 2070 qao
893 2010 937 2074 re,
960 2010 1004 2073 9ο,
1028 2009 1098 2071 qao,
1121 2009 1196 2071 qua.
1241 1987 1350 2053 Dahin
1369 2008 1414 2070 ge·

283 2091 385 2155 hdren
412 2087 466 2153 die
494 2088 569 2154 sehr
596 2087 845 2175 gewdhnlichen
871 2089 939 2154 und
967 2093 1000 2155 in
1029 2088 1116 2156 allen
1143 2088 1325 2156 Zeitaltern
1351 2109 1414 2152 vor·

282 2191 501 2258 kommenden
523 2188 680 2256 Ablative
702 2204 800 2256 cauca
824 2190 892 2255 und
912 2195 1030 2274 oratic.

368 2292 509 2358 Cicero
530 2293 599 2357 inv.
622 2291 658 2376 2,
681 2293 721 2357 31
746 2313 841 2357 9919
865 2291 1076 2378 (‚,deshalb“)
1098 2291 1229 2358 traduci
1250 2315 1313 2358 non
1335 2299 1416 2380 potu-

284 2404 388 2460 erunt.
417 2395 448 2475 2,
465 2394 505 2457 47
529 2414 623 2457 9919
645 2403 682 2458 111
698 2402 753 2458 ott.
786 2393 878 2458 acad.
902 2415 950 2480 pr.
968 2395 997 2473 2,
1015 2396 1054 2458 ll
1078 2401 1110 2457 et
1126 2415 1164 2458 99
1186 2415 1223 2458 19
1245 2393 1281 2459 111
1301 2414 1416 2478 sequor.

283 2497 359 2561 ium.
375 2495 407 2579 9,
423 2495 488 2578 2,3
511 2503 543 2558 91
565 2515 604 2558 99
625 2516 661 2558 19
683 2494 778 2580 fugit.
809 2494 941 2560 Andere
958 2493 1082 2560 Stellen
1104 2495 1164 2560 mit
1186 2516 1230 2575 eo,
1254 2517 1290 2560 ea
1310 2493 1417 2560 round

284 2594 471 2684 folgendem
494 2594 686 2660 Causalsatz
709 2595 826 2683 (quod,
850 2597 939 2684 quia)
963 2595 1096 2661 werden
1118 2597 1163 2660 im
1187 2597 1312 2661 vienten
1331 2593 1417 2659 Theil

282 2697 481 2783 autgefiihrt.
526 2695 617 2762 Aber
644 2717 756 2761 ausser
778 2718 876 2787 causa
898 2696 964 2762 und
984 2700 1093 2780 oratic
1120 2697 1196 2763 sind
1218 2697 1417 2763 Substantlsa

283 2803 317 2865 in
346 2796 505 2863 causalem
528 2797 629 2863 Sinne
656 2798 762 2863 dieser
784 2800 848 2863 Art
876 2797 993 2864 hdchst
1015 2797 1119 2864 selten
1142 2799 1194 2866 bei
1218 2799 1345 2882 Ciecr03
1371 2797 1416 2862 ich

283 2902 374 2966 kann
396 2921 458 2964 nur
479 2898 563 2964 noch
585 2899 716 2963 citiren:
740 2897 827 2985 legg.
849 2900 914 2985 3,t
938 2898 1048 2986 regale
1071 2900 1217 2966 civitatis
1240 2921 1340 2985 genus
1359 2921 1416 2962 non

283 3014 351 3068 tam
372 3001 466 3086 regni
481 3022 578 3086 quam
599 3001 687 3085 regis
703 3001 793 3064 vitiis
811 3001 1016 3087 repudiatum
1032 3011 1090 3066 est.
1120 3001 1207 3066 Phil.
1226 3005 1256 3084 1,
1274 3001 1313 3066 12
1328 3000 1416 3086 signi·

284 3101 424 3169 ficerunt
445 3124 479 3166 se
502 3101 659 3167 beneficio
675 3121 759 3165 novo
774 3105 962 3168 memoriam
979 3103 1099 3169 veteris
1121 3102 1243 3169 doloris
1259 3103 1416 3169 abiecisse.

284 3242 324 3251 -
341 3203 452 3268 Caes.
470 3202 500 3267 b.
517 3223 549 3286 g.
566 3202 597 3283 6,
613 3201 634 3266 9
655 3224 695 3266 ne
711 3204 872 3267 communi
890 3202 965 3269 odio
981 3203 1218 3269 Germanorum
1242 3207 1417 3270 innocentes

283 3327 342 3394 pro
363 3305 556 3369 nocentibus
581 3325 701 3389 poenas
724 3302 878 3390 pendant.
909 3305 941 3370 b.
964 3328 993 3369 c.
1019 3307 1052 3385 1,
1074 3305 1117 3370 84
1138 3305 1298 3373 frumenti
1318 3305 1417 3390 inopis

284 3405 478 3492 colloquium
507 3414 631 3491 petunt.
670 3405 702 3484 1,
730 3405 767 3470 18
791 3427 926 3492 quarum
955 3405 1100 3472 adventu
1127 3405 1232 3470 alters
1260 3415 1364 3473 castro
1383 3441 1415 3452 —-

283 3507 384 3594 ponit.
406 3507 438 3591 3,
451 3506 492 3570 76
507 3506 594 3592 quod
611 3504 716 3569 facere
729 3505 902 3594 Pompeius
919 3506 1066 3572 discessu
1077 3506 1219 3572 militum
1235 3530 1301 3573 non
1315 3505 1416 3595 potnit.

283 3606 445 3674 Aehnlich
469 3608 501 3672 b.
518 3627 549 3690 g.
566 3606 597 3688 2,
614 3607 644 3670 7.
689 3606 752 3670 Mit
774 3605 1012 3700 auellelhafter
1026 3609 1159 3673 Lesart:
1184 3609 1216 3674 b.
1234 3631 1262 3674 c.
1277 3611 1307 3690 3,
1325 3605 1417 3687 112,8

283 3709 363 3774 haec
387 3717 492 3772 tractu
515 3705 628 3792 oppidi
651 3727 726 3794 pars
751 3717 820 3772 erat
841 3710 950 3794 regiae
973 3710 1095 3794 exigua
1117 3709 1318 3797 (Nipperdt

369 3806 462 3874 Sall.
487 3807 555 3873 Cat.
579 3807 632 3890 52,
656 3807 674 3870 l
698 3830 736 3872 99
757 3829 858 3874 eausa
880 3812 936 3892 (==
959 3811 1028 3875 eius
1051 3811 1099 3875 rei
1122 3813 1248 3896 canusa).
1280 3811 1351 3897 Jug.
1372 3809 1417 3888 54,

283 3910 364 3998 {lea
386 3911 501 3994 gratia.
537 3910 589 3992 80,
611 3911 641 3974 4.

370 4009 452 4073 Liv.
474 4011 506 4092 4,
525 4012 565 4075 12
587 4009 761 4076 dulcedine
775 4012 963 4078 contionum
979 4022 1012 4078 91
1026 4013 1117 4080 urbis
1133 4014 1265 4081 deserto
1280 4033 1417 4102 agrorum

286 4111 384 4175 cultu.
414 4110 468 4192 24,
486 4113 524 4175 11
540 4111 575 4176 id
590 4132 698 4176 errore
712 4113 838 4178 viarum
853 4137 894 4180 911
910 4117 1092 4202 exiguitate
1112 4117 1272 4204 temporis
1296 4113 1418 4200 exsequi

287 4231 352 4274 non
373 4213 527 4297 potuerit,
550 4211 707 4279 incertum
724 4224 784 4280 est.
813 4237 841 4280 c.
860 4215 899 4280 19
922 4217 984 4284 1199
1001 4219 1115 4284 nuntio
1132 4257 1172 4268 -
1188 4221 1291 4284 venit.
1319 4217 1370 4296 27,
1383 4213 1418 4277 29

287 4308 348 4372 hae
369 4309 496 4376 litterae
518 4316 674 4380 recitatae
696 4338 851 4402 magnum
873 4317 995 4384 luctum
1011 4330 1114 4384 morte
1136 4319 1271 4386 alterius
1287 4313 1417 4385 consulis

289 4445 326 4456 -
350 4407 506 4477 iecerunt.
536 4415 589 4498 29,
605 4415 647 4480 29
669 4418 755 4504 upnd
779 4440 859 4506 quos
883 4418 1009 4486 invidia
1029 4441 1144 4506 regum
1158 4441 1298 4508 magnae
1318 4427 1416 4484 aueto-

288 4508 491 4577 11191199191.
519 4515 570 4599 35,
592 4517 633 4582 38
656 4539 719 4605 quo
741 4541 801 4585 suo
823 4520 909 4586 dicto
931 4520 1061 4599 factove
1083 4523 1165 4590 socii
1188 4561 1228 4573 -
1250 4521 1292 4589 ad
1314 4543 1348 4588 se
1368 4539 1416 4605 op·
