3050 5146
720 408 948 472 ..2005

346 565 454 629 Wenn
472 562 529 628 der
545 562 693 629 Infinitiv
710 561 763 625 bei
774 581 913 644 possitue,
936 560 1025 638 soloe,
1048 560 1150 641 debeo,
1170 559 1288 640 stertire,
1305 559 1400 622 osidae

263 669 328 734 und
351 669 457 734 videor
480 689 520 731 zu
544 673 709 750 erganaen
731 663 786 746 ist,
809 683 846 728 so
868 669 1002 726 miissen
1024 660 1115 726 disse
1138 659 1345 724 lliilfsverba
1367 660 1402 724 in

262 769 460 856 gleiehem
477 768 679 832 Numerus
703 765 780 829 und
804 765 842 828 in
865 760 1403 848 gleieherPersonmitdem

263 869 573 957 Hauptverbum
606 866 736 948 stohen3
774 865 901 953 Haupt·
935 863 1003 928 und
1031 861 1317 948 Nebenhandlung
1352 861 1403 928 be-

263 973 378 1038 ziehen
400 970 469 1036 sich
493 969 552 1036 aul
570 968 644 1034 eine
666 967 733 1032 und
757 965 903 1032 dieselbe
918 964 1052 1030 Person.
1090 963 1184 1030 Doeb
1206 963 1317 1029 finden
1338 964 1404 1030 sieh

264 1073 493 1153 Ausnahmen,
523 1074 584 1136 wie
610 1070 681 1135 Cio.
709 1067 795 1133 Phil.
824 1068 854 1148 2,
877 1066 929 1150 29,
953 1065 994 1132 72
1022 1072 1070 1150 et,
1098 1087 1140 1130 ne
1162 1065 1271 1130 omnia
1293 1065 1405 1131 videar

265 1185 376 1241 eontra
392 1185 423 1241 te
446 1173 594 1258 (dicere),
616 1169 853 1258 propemodum
875 1189 981 1255 aequa
995 1176 1028 1232 et
1043 1169 1131 1232 iustu
1152 1167 1298 1234 dicebas.
1321 1171 1354 1250 ξ.
1367 1169 1406 1233 38

266 1300 326 1362 ego
358 1274 576 1342 incolumitati
611 1273 735 1339 civium
768 1272 909 1359 primum
943 1269 1197 1356 (consulebam),
1229 1279 1266 1335 ut
1296 1279 1407 1357 postea

265 1379 419 1464 dignitati
443 1397 612 1464 possemus
634 1372 850 1460 (consulere),
878 1369 934 1436 ille
963 1371 1125 1456 praesenti
1148 1369 1304 1456 dignitati
1335 1371 1407 1459 plus

264 1479 466 1546 consulebat.
512 1474 687 1558 Quintil.
720 1477 769 1559 10,
795 1477 823 1558 1,
847 1477 868 1540 4
895 1485 952 1542 aut
980 1481 1060 1546 satis
1089 1487 1146 1545 aut
1174 1487 1261 1543 certe
1291 1486 1330 1541 ut
1357 1494 1408 1561 po·

265 1582 387 1648 tuimus
411 1579 561 1662 (disere),
585 1577 710 1642 dietum
733 1587 793 1642 est.
818 1617 854 1628 -
880 1579 918 1644 In
942 1581 1000 1646 der
1023 1580 1124 1668 Regel
1154 1581 1312 1646 stimmen·
1329 1575 1406 1642 auch

266 1683 320 1748 die
343 1683 498 1766 Tempora
521 1679 579 1745 des
602 1678 714 1744 Hulfs-
736 1679 804 1744 und
827 1679 1041 1768 Hauptverbs
1064 1682 1215 1764 tiberein,
1245 1680 1304 1744 mit
1327 1679 1407 1744 Aus-

268 1784 419 1866 nahmen,
443 1783 504 1848 wie
528 1782 598 1847 Oie.
624 1780 684 1846 Ph.
706 1779 738 1861 2,
761 1780 814 1864 29,
839 1781 889 1851 72.
913 1783 1012 1849 Tuse.
1036 1785 1068 1867 3,
1091 1785 1144 1866 22,
1167 1783 1219 1849 54.
1243 1779 1324 1850 Sall.
1340 1780 1407 1864 lug.

266 1889 319 1969 71,
341 1888 373 1950 2.
401 1923 434 1934 -
459 1885 528 1948 Der
556 1882 738 1969 elliptisehe
768 1883 846 1948 Satn
870 1884 960 1950 kann
988 1885 1061 1950 dem
1089 1884 1335 1970 vollsttindigen
1361 1904 1407 1946 so·

271 1987 356 2053 wohl
378 1985 588 2072 vorangehen
611 1982 659 2048 als
681 1981 748 2049 ihm
771 1982 892 2070 fulgen.

351 2089 389 2154 0.
433 2089 510 2154 Die
547 2085 834 2172 gegenseitige
866 2087 1114 2174 Ergttnzung
1151 2089 1222 2153 der
1254 2087 1407 2153 Nehon-

269 2191 374 2256 modi
396 2189 524 2255 kommt
544 2188 636 2254 nieht
657 2186 769 2271 baufig
797 2210 857 2254 vor
877 2190 944 2255 und
968 2189 1098 2257 besteht
1120 2189 1231 2272 (lario,
1261 2187 1337 2254 dass
1359 2187 1408 2252 ein

268 2292 470 2359 Infinitiv
498 2290 567 2354 des
591 2289 789 2354 Praesens
817 2311 876 2354 aurs
905 2294 1008 2358 eiuem
1034 2291 1179 2381 Partieip
1207 2291 1286 2357 oder
1307 2292 1407 2356 einem

270 2394 419 2460 Inlinitiv
442 2415 484 2456 au
507 2400 670 2477 ergt'mzen
693 2390 752 2455 ist:
777 2390 847 2457 Cio.
869 2391 955 2459 Phil.
979 2395 1044 2476 1,4
1065 2403 1286 2481 peremerat,
1309 2393 1408 2479 aqui·

268 2496 331 2561 bus
354 2493 719 2579 debuerat'(adiuvari)
741 2492 884 2558 adiutus.
929 2493 1007 2561 Sall.
1031 2495 1108 2581 Jug.
1133 2495 1194 2560 100
1214 2498 1287 2582 ipse
1309 2515 1408 2560 armu-

270 2609 323 2663 tus
345 2597 556 2682 intentusque
578 2595 655 2659 item
679 2593 762 2660 alios
785 2596 933 2680 cogebat.
977 2597 1052 2662 Liv.
1084 2599 1113 2681 1,
1136 2597 1178 2661 29
1200 2595 1320 2684 raptim
1343 2595 1406 2681 qui·

163 2786 166 2795 ἱ
269 2699 331 2764 bus
355 2699 493 2784 quisque
516 2705 643 2784 poterat
670 2696 814 2782 (efferre)
843 2697 949 2763 elatis.
978 2698 1008 2779 4,
1031 2699 1073 2764 39
1101 2699 1265 2764 exereitus
1294 2697 1408 2785 quibus

270 2808 399 2887 poterat
427 2799 548 2864 sauciis
568 2796 673 2862 ductis
698 2797 733 2882 (i.
758 2820 786 2862 e.
809 2797 850 2862 iis
872 2799 993 2864 sauciis
1016 2820 1096 2885 quos
1119 2809 1248 2886 poterat
1270 2800 1408 2882 ducere).

271 2903 339 2969 Cio.
356 2924 387 2988 p.
411 2899 542 2966 Cluent.
566 2899 608 2964 62
630 2900 694 2964 iarn
718 2921 796 2965 vero
818 2897 899 2964 illud
923 2922 1019 2987 quam
1043 2923 1108 2966 non
1131 2900 1300 2988 probabile
1324 2939 1363 2951 -
1378 2900 1407 2964 in

270 3027 353 3093 pano
385 3003 497 3068 datum
530 3003 709 3068 venenuml
745 3000 932 3067 Faciliusue
965 3003 1072 3090 potuit
1104 3024 1201 3089 quam
1232 3005 1266 3067 in
1299 3000 1409 3090 poeolo

271 3105 396 3192 (dari)'?
418 3103 492 3172 Liv.
515 3105 545 3178 3,
568 3104 612 3168 40
634 3103 754 3191 quippe
775 3102 1027 3189 rempublicam,
1059 3103 1085 3168 si
1108 3125 1128 3168 u
1151 3101 1337 3170 volentibus
1358 3125 1408 3168 no·
1512 3084 1513 3103 ¹

272 3216 370 3294 queat
393 3206 585 3292 (expetere),
609 3205 650 3270 ab
672 3205 786 3270 invitis
810 3205 860 3270 ius
884 3206 1114 3293 expetiturum.
1135 3204 1178 3254 ⁸-
1201 3205 1271 3271 eie.
1294 3229 1323 3269 n.
1339 3203 1368 3268 d.
1382 3203 1409 3284 2,

265 3311 561 3393 14ιιιιιιι1ιιι,ι]ιιοε
584 3305 627 3371 ad
650 3304 769 3372 soleret
791 3307 947 3392 (referri),
970 3305 1177 3372 referendum
1199 3307 1336 3372 sensuit.
1359 3305 1409 3371 oli.

272 3411 303 3493 2,
326 3410 365 3473 21
390 3406 500 3473 danda
528 3416 714 3494 operaest,
743 3407 772 3472 si
794 3406 899 3494 possit
928 3407 1028 3492 (dari)
1057 3408 1215 3495 utrisque.
1244 3407 1298 3474 tin.
1321 3407 1349 3486 2,
1371 3407 1406 3471 31
1456 3421 1459 3431 “

272 3511 388 3598 quodsi
411 3509 481 3574 dies
497 3509 659 3574 notandus
681 3509 755 3592 fuit,
778 3531 895 3573 eumne
917 3510 1036 3596 potius,
1060 3532 1124 3596 quo
1139 3520 1249 3592 natus,
1269 3530 1311 3573 an
1328 3530 1409 3588 euro,

272 3637 336 3701 quo
359 3596 490 3700 sapiens
513 3611 620 3676 iaetus
644 3611 716 3676 est?
751 3611 787 3697 (i.
810 3632 839 3675 e.
861 3633 976 3677 eumne
1004 3613 1113 3699 potius
1141 3621 1255 3679 notare
1277 3610 1410 3694 debuit).
1478 3682 1484 3691 ¹

272 3715 368 3780 Verr.
401 3715 433 3798 3,
462 3714 482 3778 8
514 3713 634 3800 quibus
668 3722 801 3778 senatus
830 3712 938 3798 legum
968 3712 1181 3778 dicendarum
1210 3716 1243 3778 in
1270 3713 1411 3778 locandis

273 3814 491 3902 vestigalibus
514 3837 642 3879 omnem
663 3823 856 3901 potestatem
880 3815 1073 3901 permiserat
1094 3816 1299 3903 populusque
1320 3814 1410 3880 Rem.

274 3917 414 3982 iusserat
437 3916 539 4002 (leges
562 3916 680 3998 disere,
704 3914 775 3980 soil.
799 3915 904 4002 quos.)
942 3916 1017 3981 niv.
1045 3917 1075 3998 6,
1097 3918 1138 3983 37
1169 3915 1241 4002 lege
1268 3914 1410 3982 obtinen-

275 4017 353 4083 dum
386 4039 477 4101 esse,
511 4017 599 4104 quod
632 4019 771 4082 comitiis
802 4039 860 4104 per
891 4018 1031 4102 gratiam
1067 4017 1236 4104 (obtineri)
1264 4025 1408 4104 nequest.

276 4117 414 4200 Quintil.
443 4119 473 4202 6,
503 4122 532 4202 1,
558 4120 597 4183 19
629 4117 822 4204 fugiendum
850 4119 891 4184 do
918 4121 1066 4203 civitate,
1100 4119 1279 4186 sedendum
1309 4117 1409 4200 bonis,

276 4229 333 4286 sut
354 4220 474 4304 omnia,
497 4242 709 4307 quaeeunque
731 4221 870 4286 inimicis
893 4223 1020 4286 animus
1035 4219 1135 4288 fuerit
1150 4223 1327 4310 (perferri),
1343 4241 1410 4307 per·

276 4321 421 4390 ferenda.
446 4359 483 4368 —
507 4322 592 4387 Eine
624 4321 828 4408 Erginaung
861 4345 919 4412 alus
954 4323 1028 4387 dem
1056 4323 1234 4411 Imperativ
1267 4323 1315 4388 ist'
1336 4319 1411 4386 aber

277 4422 367 4488 nieht
389 4423 613 4489 anaunehmen
635 4425 687 4489 bei
711 4422 850 4503 Quintil.
874 4425 906 4506 6,
928 4425 959 4505 3,
982 4425 1024 4490 86
1045 4424 1110 4506 dio,
1134 4425 1180 4490 M.
1202 4421 1301 4504 Tulli,
1324 4443 1408 4486 num·

278 4523 355 4610 quid
390 4531 482 4609 potes
516 4522 556 4588 de
579 4524 611 4592 S.
645 4522 791 4590 Annali?
836 4524 917 4590 Hier
950 4525 1052 4592 findet
1084 4525 1244 4593 vielmehr
1273 4522 1327 4588 dio
1357 4543 1408 4609 ge·
